<?xml version="1.0" encoding="UTF-8"?>
<record xmlns="http://www.loc.gov/MARC21/slim">
  <leader>36026cam a2203517I  4500</leader>
  <controlfield tag="001">ocm00427057</controlfield>
  <controlfield tag="005">19930930151226.0</controlfield>
  <controlfield tag="008">721012m18801901dcu          f001 0 eng  </controlfield>
  <datafield tag="010" ind1=" " ind2=" ">
    <subfield code="a">   03003452 //r50</subfield>
  </datafield>
  <datafield tag="019" ind1=" " ind2=" ">
    <subfield code="a">13834830</subfield>
  </datafield>
  <datafield tag="040" ind1=" " ind2=" ">
    <subfield code="a">DLC</subfield>
    <subfield code="c">DAY</subfield>
    <subfield code="d">OCL</subfield>
    <subfield code="d">SER</subfield>
    <subfield code="d">XBM</subfield>
    <subfield code="d">OCL</subfield>
    <subfield code="d">BNG</subfield>
    <subfield code="d">m.c.</subfield>
    <subfield code="d">m/c</subfield>
    <subfield code="d">IMF</subfield>
  </datafield>
  <datafield tag="049" ind1=" " ind2=" ">
    <subfield code="a">[Gc]IMF$,imfg</subfield>
  </datafield>
  <datafield tag="050" ind1="0" ind2=" ">
    <subfield code="a">E464</subfield>
    <subfield code="b">.U6</subfield>
  </datafield>
  <datafield tag="092" ind1=" " ind2=" ">
    <subfield code="a">973.74</subfield>
    <subfield code="b">Aa1uwa</subfield>
  </datafield>
  <datafield tag="110" ind1="1" ind2=" ">
    <subfield code="a">United States.</subfield>
    <subfield code="b">War Dept.</subfield>
    <subfield code="w">1n</subfield>
  </datafield>
  <datafield tag="245" ind1="1" ind2="4">
    <subfield code="a">The War of the Rebellion :</subfield>
    <subfield code="b">a compilation of the official records of the Union and Confederate armies /</subfield>
    <subfield code="c">prepared under the direction of the Secretary of War.</subfield>
  </datafield>
  <datafield tag="260" ind1=" " ind2=" ">
    <subfield code="a">Washington :</subfield>
    <subfield code="b">Govt. Print. Off.,</subfield>
    <subfield code="c">1880-1901.</subfield>
  </datafield>
  <datafield tag="300" ind1=" " ind2=" ">
    <subfield code="a">70 v. in 128 ;</subfield>
    <subfield code="c">24 cm.</subfield>
  </datafield>
  <datafield tag="500" ind1=" " ind2=" ">
    <subfield code="a">Found also in the House Miscellaneous documents of the 52d to the 56th Congress.</subfield>
  </datafield>
  <datafield tag="500" ind1=" " ind2=" ">
    <subfield code="a">Each number has special index. Inserted in each volume: Additions and corrections ... Washington, Govt. Print. Off., 1902.</subfield>
  </datafield>
  <datafield tag="500" ind1=" " ind2=" ">
    <subfield code="a">Series 1, v. 1-53, series 3, v. 1-5, and series 4, v. 1-3 include &quot;Alternate designations of organizations mentioned.&quot;</subfield>
  </datafield>
  <datafield tag="500" ind1=" " ind2=" ">
    <subfield code="a">Vol. 54-55 of series 1 [serial no. 112-113] &quot;have not been published, and no material for them is in hand.&quot;  cf. General index, p. xi. Series 2, v. 1 [serial no. 114] with imprint 1894, was not issued until 1898.</subfield>
  </datafield>
  <datafield tag="500" ind1=" " ind2=" ">
    <subfield code="a">Edited in the War Records Office, 1880-July 1899; in the Record and Pension Office, July 1899-1901.</subfield>
  </datafield>
  <datafield tag="500" ind1=" " ind2=" ">
    <subfield code="a">Robert N. Scott compiled and edited v. 1-18, 1880-87, and also collected the greater part of the material for v. 19-36, 1887-91. After his death in 1887 the work was continued by Henry M. Lazelle, 1887-89, and by a board of publication, 1889-99, consisting of George B. Davis, 1889-97, Leslie J. Perry, 1889-99, Joseph W. Kirkley, 1889-99, and Fred C. Ainsworth, 1898-99; from 1899-1901 edited by Fred C. Ainsworth and Joesph W. Kirkley.</subfield>
  </datafield>
  <datafield tag="500" ind1=" " ind2=" ">
    <subfield code="a">Some volumes are 1985 reprints by National Historical Society.</subfield>
  </datafield>
  <datafield tag="651" ind1=" " ind2="0">
    <subfield code="a">United States</subfield>
    <subfield code="x">History</subfield>
    <subfield code="y">Civil War, 1861-1865</subfield>
    <subfield code="x">Sources.</subfield>
  </datafield>
  <datafield tag="651" ind1=" " ind2="0">
    <subfield code="a">Confederate States of America</subfield>
    <subfield code="x">History</subfield>
    <subfield code="x">Sources.</subfield>
  </datafield>
  <datafield tag="651" ind1=" " ind2="0">
    <subfield code="a">United States</subfield>
    <subfield code="x">History</subfield>
    <subfield code="y">Civil War, 1861-1865</subfield>
    <subfield code="x">Regimental histories.</subfield>
  </datafield>
  <datafield tag="700" ind1="1" ind2="0">
    <subfield code="a">Scott, Robert N.</subfield>
    <subfield code="q">(Robert Nicholson),</subfield>
    <subfield code="d">1838-1887.</subfield>
    <subfield code="w">cn</subfield>
  </datafield>
  <datafield tag="700" ind1="1" ind2="0">
    <subfield code="a">Lazelle, Henry Martyn,</subfield>
    <subfield code="d">1832-</subfield>
  </datafield>
  <datafield tag="700" ind1="1" ind2="0">
    <subfield code="a">Davis, George B.</subfield>
    <subfield code="q">(George Breckenridge),</subfield>
    <subfield code="d">1847-1914.</subfield>
    <subfield code="w">1n</subfield>
  </datafield>
  <datafield tag="700" ind1="1" ind2="0">
    <subfield code="a">Perry, Leslie J.</subfield>
    <subfield code="w">cn</subfield>
  </datafield>
  <datafield tag="700" ind1="1" ind2="0">
    <subfield code="a">Kirkley, Joseph W.</subfield>
    <subfield code="q">(Joseph William),</subfield>
    <subfield code="d">1841-1912.</subfield>
    <subfield code="w">1n</subfield>
  </datafield>
  <datafield tag="700" ind1="1" ind2="0">
    <subfield code="a">Ainsworth, Frederick Crayton,</subfield>
    <subfield code="d">1852-1834.</subfield>
  </datafield>
  <datafield tag="700" ind1="1" ind2="0">
    <subfield code="a">Moodey, John Sheldon,</subfield>
    <subfield code="d">1842-</subfield>
  </datafield>
  <datafield tag="700" ind1="1" ind2="0">
    <subfield code="a">Cowles, Calvin D.</subfield>
    <subfield code="q">(Calvin Duvall),</subfield>
    <subfield code="d">1849-</subfield>
    <subfield code="e">comp.</subfield>
    <subfield code="w">1n</subfield>
  </datafield>
  <datafield tag="710" ind1="1" ind2="0">
    <subfield code="a">United States.</subfield>
    <subfield code="b">War Records Office.</subfield>
  </datafield>
  <datafield tag="710" ind1="1" ind2="0">
    <subfield code="a">United States.</subfield>
    <subfield code="b">Record and Pension Office.</subfield>
  </datafield>
  <datafield tag="710" ind1="1" ind2="0">
    <subfield code="a">United States.</subfield>
    <subfield code="b">Congress.</subfield>
    <subfield code="b">House.</subfield>
    <subfield code="w">1n</subfield>
  </datafield>
  <datafield tag="740" ind1="0" ind2="1">
    <subfield code="a">Official records of the Union and Confederate Armies.</subfield>
  </datafield>
  <datafield tag="913" ind1="0" ind2="0">
    <subfield code="a">UNIWOTR98000</subfield>
  </datafield>
  <datafield tag="949" ind1=" " ind2=" ">
    <subfield code="a">973.74 Aa1uwa, Ser.1, v.2</subfield>
    <subfield code="w">DEWEY</subfield>
    <subfield code="h">GEN-86</subfield>
    <subfield code="i">31833023799536</subfield>
    <subfield code="e">10/26/1993</subfield>
    <subfield code="p">33.24</subfield>
  </datafield>
  <datafield tag="949" ind1=" " ind2=" ">
    <subfield code="a">973.74 Aa1uwa, Ser.1, v.3</subfield>
    <subfield code="w">DEWEY</subfield>
    <subfield code="h">GEN-86</subfield>
    <subfield code="i">31833023799544</subfield>
    <subfield code="e">10/26/1993</subfield>
    <subfield code="p">33.24</subfield>
  </datafield>
  <datafield tag="949" ind1=" " ind2=" ">
    <subfield code="a">973.74 Aa1uwa, Ser.1, v.4</subfield>
    <subfield code="w">DEWEY</subfield>
    <subfield code="h">GEN-86</subfield>
    <subfield code="i">31833023799551</subfield>
    <subfield code="e">10/26/1993</subfield>
    <subfield code="p">33.24</subfield>
  </datafield>
  <datafield tag="949" ind1=" " ind2=" ">
    <subfield code="a">973.74 Aa1uwa, Ser.1, v.5</subfield>
    <subfield code="w">DEWEY</subfield>
    <subfield code="h">GEN-86</subfield>
    <subfield code="i">31833023799569</subfield>
    <subfield code="e">10/26/1993</subfield>
    <subfield code="p">33.24</subfield>
  </datafield>
  <datafield tag="949" ind1=" " ind2=" ">
    <subfield code="a">973.74 Aa1uwa, Ser.1, Vol.6</subfield>
    <subfield code="w">DEWEY</subfield>
    <subfield code="h">GEN-86</subfield>
    <subfield code="i">31833000915857</subfield>
    <subfield code="e">03/26/1992</subfield>
    <subfield code="p">33.24</subfield>
  </datafield>
  <datafield tag="949" ind1=" " ind2=" ">
    <subfield code="a">973.74 Aa1uwa, series 1, v.7</subfield>
    <subfield code="w">DEWEY</subfield>
    <subfield code="h">GEN-86</subfield>
    <subfield code="i">31833015656462</subfield>
    <subfield code="e">02/27/1992</subfield>
    <subfield code="p">33.24</subfield>
  </datafield>
  <datafield tag="949" ind1=" " ind2=" ">
    <subfield code="a">973.74 Aa1uwa, Ser.1, v.8</subfield>
    <subfield code="w">DEWEY</subfield>
    <subfield code="h">GEN-86</subfield>
    <subfield code="i">31833023799577</subfield>
    <subfield code="e">10/26/1993</subfield>
    <subfield code="p">33.24</subfield>
  </datafield>
  <datafield tag="949" ind1=" " ind2=" ">
    <subfield code="a">973.74 Aa1uwa, series 1, v.10, pt.2</subfield>
    <subfield code="w">DEWEY</subfield>
    <subfield code="h">GEN-86</subfield>
    <subfield code="i">31833015656546</subfield>
    <subfield code="e">02/27/1992</subfield>
    <subfield code="p">33.24</subfield>
  </datafield>
  <datafield tag="949" ind1=" " ind2=" ">
    <subfield code="a">973.74 Aa1uwa, Ser.1, v.9</subfield>
    <subfield code="w">DEWEY</subfield>
    <subfield code="h">GEN-86</subfield>
    <subfield code="i">31833015340570</subfield>
    <subfield code="e">01/28/1992</subfield>
    <subfield code="p">33.24</subfield>
  </datafield>
  <datafield tag="949" ind1=" " ind2=" ">
    <subfield code="a">973.74 Aa1uwa, Ser.1, v.10, pt.1</subfield>
    <subfield code="w">DEWEY</subfield>
    <subfield code="h">GEN-86</subfield>
    <subfield code="i">31833015340588</subfield>
    <subfield code="e">01/28/1992</subfield>
    <subfield code="p">33.24</subfield>
  </datafield>
  <datafield tag="949" ind1=" " ind2=" ">
    <subfield code="a">973.74 Aa1uwa, Ser.1, v.11, pt.2</subfield>
    <subfield code="w">DEWEY</subfield>
    <subfield code="h">GEN-86</subfield>
    <subfield code="i">31833015340596</subfield>
    <subfield code="e">01/28/1992</subfield>
    <subfield code="p">33.24</subfield>
  </datafield>
  <datafield tag="949" ind1=" " ind2=" ">
    <subfield code="a">973.74 Aa1uwa, Ser.1, v.11, pt.3</subfield>
    <subfield code="w">DEWEY</subfield>
    <subfield code="h">GEN-86</subfield>
    <subfield code="i">31833015340604</subfield>
    <subfield code="e">01/28/1992</subfield>
    <subfield code="p">33.24</subfield>
  </datafield>
  <datafield tag="949" ind1=" " ind2=" ">
    <subfield code="a">973.74 Aa1uwa, series 1, v.11, pt.1</subfield>
    <subfield code="w">DEWEY</subfield>
    <subfield code="h">GEN-86</subfield>
    <subfield code="i">31833015656553</subfield>
    <subfield code="e">02/27/1992</subfield>
    <subfield code="p">33.24</subfield>
  </datafield>
  <datafield tag="949" ind1=" " ind2=" ">
    <subfield code="a">973.74 Aa1uwa, series 1, v.12, pt.2</subfield>
    <subfield code="w">DEWEY</subfield>
    <subfield code="h">GEN-86</subfield>
    <subfield code="i">31833015656488</subfield>
    <subfield code="e">02/27/1992</subfield>
    <subfield code="p">33.24</subfield>
  </datafield>
  <datafield tag="949" ind1=" " ind2=" ">
    <subfield code="a">973.74 Aa1uwa, Ser.1, v.12, pt.3</subfield>
    <subfield code="w">DEWEY</subfield>
    <subfield code="h">GEN-86</subfield>
    <subfield code="i">31833015340612</subfield>
    <subfield code="e">01/28/1992</subfield>
    <subfield code="p">33.24</subfield>
  </datafield>
  <datafield tag="949" ind1=" " ind2=" ">
    <subfield code="a">973.74 Aa1uwa, Ser.1, v.13</subfield>
    <subfield code="w">DEWEY</subfield>
    <subfield code="h">GEN-86</subfield>
    <subfield code="i">31833015340620</subfield>
    <subfield code="e">01/28/1992</subfield>
    <subfield code="p">33.24</subfield>
  </datafield>
  <datafield tag="949" ind1=" " ind2=" ">
    <subfield code="a">973.74 Aa1uwa, Ser.1, v.14</subfield>
    <subfield code="w">DEWEY</subfield>
    <subfield code="h">GEN-86</subfield>
    <subfield code="i">31833000915865</subfield>
    <subfield code="e">03/26/1992</subfield>
    <subfield code="p">33.24</subfield>
  </datafield>
  <datafield tag="949" ind1=" " ind2=" ">
    <subfield code="a">973.74 Aa1uwa, series 1, v.15</subfield>
    <subfield code="w">DEWEY</subfield>
    <subfield code="h">GEN-86</subfield>
    <subfield code="i">31833015656496</subfield>
    <subfield code="e">02/27/1992</subfield>
    <subfield code="p">33.24</subfield>
  </datafield>
  <datafield tag="949" ind1=" " ind2=" ">
    <subfield code="a">973.74 Aa1uwa, Ser.1, v.16, pt.1</subfield>
    <subfield code="w">DEWEY</subfield>
    <subfield code="h">GEN-86</subfield>
    <subfield code="i">31833000915873</subfield>
    <subfield code="e">03/26/1992</subfield>
    <subfield code="p">33.24</subfield>
  </datafield>
  <datafield tag="949" ind1=" " ind2=" ">
    <subfield code="a">973.74 Aa1uwa, Ser.1, v.16, pt.2</subfield>
    <subfield code="w">DEWEY</subfield>
    <subfield code="h">GEN-86</subfield>
    <subfield code="i">31833023799585</subfield>
    <subfield code="e">10/26/1993</subfield>
    <subfield code="p">33.24</subfield>
  </datafield>
  <datafield tag="949" ind1=" " ind2=" ">
    <subfield code="a">973.74 Aa1uwa, Ser.1, v.17, pt.1</subfield>
    <subfield code="w">DEWEY</subfield>
    <subfield code="h">GEN-86</subfield>
    <subfield code="i">31833000915907</subfield>
    <subfield code="e">03/26/1992</subfield>
    <subfield code="p">33.24</subfield>
  </datafield>
  <datafield tag="949" ind1=" " ind2=" ">
    <subfield code="a">973.74 Aa1uwa, series 1, v.17, pt.2</subfield>
    <subfield code="w">DEWEY</subfield>
    <subfield code="h">GEN-86</subfield>
    <subfield code="i">31833015656504</subfield>
    <subfield code="e">02/27/1992</subfield>
    <subfield code="p">33.24</subfield>
  </datafield>
  <datafield tag="949" ind1=" " ind2=" ">
    <subfield code="a">973.74 Aa1uwa, Ser.1, v.18</subfield>
    <subfield code="w">DEWEY</subfield>
    <subfield code="h">GEN-86</subfield>
    <subfield code="i">31833015340638</subfield>
    <subfield code="e">01/28/1992</subfield>
    <subfield code="p">33.24</subfield>
  </datafield>
  <datafield tag="949" ind1=" " ind2=" ">
    <subfield code="a">973.74 Aa1uwa, series 1, v.19, pt.1</subfield>
    <subfield code="w">DEWEY</subfield>
    <subfield code="h">GEN-86</subfield>
    <subfield code="i">31833015656512</subfield>
    <subfield code="e">02/27/1992</subfield>
    <subfield code="p">33.24</subfield>
  </datafield>
  <datafield tag="949" ind1=" " ind2=" ">
    <subfield code="a">973.74 Aa1uwa, Ser.1, v.19, pt.2</subfield>
    <subfield code="w">DEWEY</subfield>
    <subfield code="h">GEN-86</subfield>
    <subfield code="i">31833023799593</subfield>
    <subfield code="e">10/26/1993</subfield>
    <subfield code="p">33.24</subfield>
  </datafield>
  <datafield tag="949" ind1=" " ind2=" ">
    <subfield code="a">973.74 Aa1uwa, series 1, v.20, part 1</subfield>
    <subfield code="w">DEWEY</subfield>
    <subfield code="h">GEN-86</subfield>
    <subfield code="i">31833015656520</subfield>
    <subfield code="e">02/27/1992</subfield>
    <subfield code="p">33.24</subfield>
  </datafield>
  <datafield tag="949" ind1=" " ind2=" ">
    <subfield code="a">973.74 Aa1uwa, series 1, v.20, pt.2</subfield>
    <subfield code="w">DEWEY</subfield>
    <subfield code="h">GEN-86</subfield>
    <subfield code="i">31833015656538</subfield>
    <subfield code="e">02/27/1992</subfield>
    <subfield code="p">33.24</subfield>
  </datafield>
  <datafield tag="949" ind1=" " ind2=" ">
    <subfield code="a">973.74 Aa1uwa, Ser.1, v.21</subfield>
    <subfield code="w">DEWEY</subfield>
    <subfield code="h">GEN-86</subfield>
    <subfield code="i">31833023799601</subfield>
    <subfield code="e">10/26/1993</subfield>
    <subfield code="p">33.24</subfield>
  </datafield>
  <datafield tag="949" ind1=" " ind2=" ">
    <subfield code="a">973.74 Aa1uwa, Ser.1, v.22, pt.1</subfield>
    <subfield code="w">DEWEY</subfield>
    <subfield code="h">GEN-86</subfield>
    <subfield code="i">31833023799619</subfield>
    <subfield code="e">10/26/1993</subfield>
    <subfield code="p">33.24</subfield>
  </datafield>
  <datafield tag="949" ind1=" " ind2=" ">
    <subfield code="a">973.74 Aa1uwa, series 1, v.22, pt.2</subfield>
    <subfield code="w">DEWEY</subfield>
    <subfield code="h">GEN-86</subfield>
    <subfield code="i">31833015656561</subfield>
    <subfield code="e">02/27/1992</subfield>
    <subfield code="p">33.24</subfield>
  </datafield>
  <datafield tag="949" ind1=" " ind2=" ">
    <subfield code="a">973.74 Aa1uwa, Ser.1, v.23, pt.1</subfield>
    <subfield code="w">DEWEY</subfield>
    <subfield code="h">GEN-86</subfield>
    <subfield code="i">31833023799627</subfield>
    <subfield code="e">10/26/1993</subfield>
    <subfield code="p">33.24</subfield>
  </datafield>
  <datafield tag="949" ind1=" " ind2=" ">
    <subfield code="a">973.74 Aa1uwa, Ser.1, v.23, pt.2</subfield>
    <subfield code="w">DEWEY</subfield>
    <subfield code="h">GEN-86</subfield>
    <subfield code="i">31833023799635</subfield>
    <subfield code="e">10/26/1993</subfield>
    <subfield code="p">33.24</subfield>
  </datafield>
  <datafield tag="949" ind1=" " ind2=" ">
    <subfield code="a">973.74 Aa1uwa, Ser.1,v.24,pt.1</subfield>
    <subfield code="w">DEWEY</subfield>
    <subfield code="h">GEN-86</subfield>
    <subfield code="i">31833000915915</subfield>
    <subfield code="e">03/26/1992</subfield>
    <subfield code="p">33.24</subfield>
  </datafield>
  <datafield tag="949" ind1=" " ind2=" ">
    <subfield code="a">973.74 Aa1uwa, series 1, v.24, pt.2</subfield>
    <subfield code="w">DEWEY</subfield>
    <subfield code="h">GEN-86</subfield>
    <subfield code="i">31833015656579</subfield>
    <subfield code="e">02/27/1992</subfield>
    <subfield code="p">33.24</subfield>
  </datafield>
  <datafield tag="949" ind1=" " ind2=" ">
    <subfield code="a">973.74 Aa1uwa, series 1, v.25, pt.1</subfield>
    <subfield code="w">DEWEY</subfield>
    <subfield code="h">GEN-86</subfield>
    <subfield code="i">31833015656587</subfield>
    <subfield code="e">02/27/1992</subfield>
    <subfield code="p">33.24</subfield>
  </datafield>
  <datafield tag="949" ind1=" " ind2=" ">
    <subfield code="a">973.74 Aa1uwa, Ser.1, v.25, pt.2</subfield>
    <subfield code="w">DEWEY</subfield>
    <subfield code="h">GEN-86</subfield>
    <subfield code="i">31833000915931</subfield>
    <subfield code="e">03/26/1992</subfield>
    <subfield code="p">33.24</subfield>
  </datafield>
  <datafield tag="949" ind1=" " ind2=" ">
    <subfield code="a">973.74 Aa1uwa, Ser.1, v.25, pt.2</subfield>
    <subfield code="w">DEWEY</subfield>
    <subfield code="h">GEN-86</subfield>
    <subfield code="i">31833023799643</subfield>
    <subfield code="e">10/26/1993</subfield>
    <subfield code="p">33.24</subfield>
  </datafield>
  <datafield tag="949" ind1=" " ind2=" ">
    <subfield code="a">973.74 Aa1uwa, Ser.1, v.26, pt.2</subfield>
    <subfield code="w">DEWEY</subfield>
    <subfield code="h">GEN-86</subfield>
    <subfield code="i">31833015340646</subfield>
    <subfield code="e">01/28/1992</subfield>
    <subfield code="p">33.24</subfield>
  </datafield>
  <datafield tag="949" ind1=" " ind2=" ">
    <subfield code="a">973.74 Aa1uwa, series 1, v.27, pt.1</subfield>
    <subfield code="w">DEWEY</subfield>
    <subfield code="h">GEN-86</subfield>
    <subfield code="i">31833015656595</subfield>
    <subfield code="e">02/27/1992</subfield>
    <subfield code="p">33.24</subfield>
  </datafield>
  <datafield tag="949" ind1=" " ind2=" ">
    <subfield code="a">973.74 Aa1uwa, series 1, v.27, pt.2</subfield>
    <subfield code="w">DEWEY</subfield>
    <subfield code="h">GEN-86</subfield>
    <subfield code="i">31833015656603</subfield>
    <subfield code="e">02/27/1992</subfield>
    <subfield code="p">33.24</subfield>
  </datafield>
  <datafield tag="949" ind1=" " ind2=" ">
    <subfield code="a">973.74 Aa1uwa, Ser.1, v.27, pt.3</subfield>
    <subfield code="w">DEWEY</subfield>
    <subfield code="h">GEN-86</subfield>
    <subfield code="i">31833015340653</subfield>
    <subfield code="e">01/28/1992</subfield>
    <subfield code="p">33.24</subfield>
  </datafield>
  <datafield tag="949" ind1=" " ind2=" ">
    <subfield code="a">973.74 Aa1uwa, Ser.1,v.28,pt.1</subfield>
    <subfield code="w">DEWEY</subfield>
    <subfield code="h">GEN-86</subfield>
    <subfield code="i">31833000932407</subfield>
    <subfield code="e">04/02/1992</subfield>
    <subfield code="p">33.24</subfield>
  </datafield>
  <datafield tag="949" ind1=" " ind2=" ">
    <subfield code="a">973.74 Aa1uwa, Ser.1, v.28, pt.2</subfield>
    <subfield code="w">DEWEY</subfield>
    <subfield code="h">GEN-86</subfield>
    <subfield code="i">31833000915949</subfield>
    <subfield code="e">03/26/1992</subfield>
    <subfield code="p">33.24</subfield>
  </datafield>
  <datafield tag="949" ind1=" " ind2=" ">
    <subfield code="a">973.74 Aa1uwa, Ser.1, v.29, pt.1</subfield>
    <subfield code="w">DEWEY</subfield>
    <subfield code="h">GEN-86</subfield>
    <subfield code="i">31833023799650</subfield>
    <subfield code="e">10/26/1993</subfield>
    <subfield code="p">33.24</subfield>
  </datafield>
  <datafield tag="949" ind1=" " ind2=" ">
    <subfield code="a">973.74 Aa1uwa, Ser.1, v.29, pt.2</subfield>
    <subfield code="w">DEWEY</subfield>
    <subfield code="h">GEN-86</subfield>
    <subfield code="i">31833000915956</subfield>
    <subfield code="e">03/26/1992</subfield>
    <subfield code="p">33.24</subfield>
  </datafield>
  <datafield tag="949" ind1=" " ind2=" ">
    <subfield code="a">973.74 Aa1uwa, Ser.1, v.30, part 1</subfield>
    <subfield code="w">DEWEY</subfield>
    <subfield code="h">GEN-86</subfield>
    <subfield code="i">31833015340661</subfield>
    <subfield code="e">01/28/1992</subfield>
    <subfield code="p">33.24</subfield>
  </datafield>
  <datafield tag="949" ind1=" " ind2=" ">
    <subfield code="a">973.74 Aa1uwa, series 1, v.30, pt.2</subfield>
    <subfield code="w">DEWEY</subfield>
    <subfield code="h">GEN-86</subfield>
    <subfield code="i">31833015656611</subfield>
    <subfield code="e">02/27/1992</subfield>
    <subfield code="p">33.24</subfield>
  </datafield>
  <datafield tag="949" ind1=" " ind2=" ">
    <subfield code="a">973.74 Aa1uwa, Ser.1, v.30, pt.3</subfield>
    <subfield code="w">DEWEY</subfield>
    <subfield code="h">GEN-86</subfield>
    <subfield code="i">31833000915964</subfield>
    <subfield code="e">03/26/1992</subfield>
    <subfield code="p">33.24</subfield>
  </datafield>
  <datafield tag="949" ind1=" " ind2=" ">
    <subfield code="a">973.74 Aa1uwa, Ser.1, v.30, part 4</subfield>
    <subfield code="w">DEWEY</subfield>
    <subfield code="h">GEN-86</subfield>
    <subfield code="i">31833015340679</subfield>
    <subfield code="e">01/28/1992</subfield>
    <subfield code="p">33.24</subfield>
  </datafield>
  <datafield tag="949" ind1=" " ind2=" ">
    <subfield code="a">973.74 Aa1uwa, series 1, v.31, pt.1</subfield>
    <subfield code="w">DEWEY</subfield>
    <subfield code="h">GEN-86</subfield>
    <subfield code="i">31833015656629</subfield>
    <subfield code="e">02/27/1992</subfield>
    <subfield code="p">33.24</subfield>
  </datafield>
  <datafield tag="949" ind1=" " ind2=" ">
    <subfield code="a">973.74 Aa1uwa, Ser.1, v.31, part 2</subfield>
    <subfield code="w">DEWEY</subfield>
    <subfield code="h">GEN-86</subfield>
    <subfield code="i">31833015340687</subfield>
    <subfield code="e">01/28/1992</subfield>
    <subfield code="p">33.24</subfield>
  </datafield>
  <datafield tag="949" ind1=" " ind2=" ">
    <subfield code="a">973.74 Aa1uwa, Ser.1, v.31, part 3</subfield>
    <subfield code="w">DEWEY</subfield>
    <subfield code="h">GEN-86</subfield>
    <subfield code="i">31833015340695</subfield>
    <subfield code="e">01/28/1992</subfield>
    <subfield code="p">33.24</subfield>
  </datafield>
  <datafield tag="949" ind1=" " ind2=" ">
    <subfield code="a">973.74 Aa1uwa, Ser.1, v.32, part 1</subfield>
    <subfield code="w">DEWEY</subfield>
    <subfield code="h">GEN-86</subfield>
    <subfield code="i">31833015340703</subfield>
    <subfield code="e">01/28/1992</subfield>
    <subfield code="p">33.24</subfield>
  </datafield>
  <datafield tag="949" ind1=" " ind2=" ">
    <subfield code="a">973.74 Aa1uwa, Ser.1, v.32, part 2</subfield>
    <subfield code="w">DEWEY</subfield>
    <subfield code="h">GEN-86</subfield>
    <subfield code="i">31833015340711</subfield>
    <subfield code="e">01/28/1992</subfield>
    <subfield code="p">33.24</subfield>
  </datafield>
  <datafield tag="949" ind1=" " ind2=" ">
    <subfield code="a">973.74 Aa1uwa, Ser.1, v.32, part 3</subfield>
    <subfield code="w">DEWEY</subfield>
    <subfield code="h">GEN-86</subfield>
    <subfield code="i">31833015340729</subfield>
    <subfield code="e">01/28/1992</subfield>
    <subfield code="p">33.24</subfield>
  </datafield>
  <datafield tag="949" ind1=" " ind2=" ">
    <subfield code="a">973.74 Aa1uwa, series 1, v.33</subfield>
    <subfield code="w">DEWEY</subfield>
    <subfield code="h">GEN-86</subfield>
    <subfield code="i">31833015656637</subfield>
    <subfield code="e">02/27/1992</subfield>
    <subfield code="p">33.24</subfield>
  </datafield>
  <datafield tag="949" ind1=" " ind2=" ">
    <subfield code="a">973.74 Aa1uwa, Ser.1, v.34, part 1</subfield>
    <subfield code="w">DEWEY</subfield>
    <subfield code="h">GEN-86</subfield>
    <subfield code="i">31833015340737</subfield>
    <subfield code="e">01/28/1992</subfield>
    <subfield code="p">33.24</subfield>
  </datafield>
  <datafield tag="949" ind1=" " ind2=" ">
    <subfield code="a">973.74 Aa1uwa, Ser.1, v.34, part 2</subfield>
    <subfield code="w">DEWEY</subfield>
    <subfield code="h">GEN-86</subfield>
    <subfield code="i">31833015340745</subfield>
    <subfield code="e">01/28/1992</subfield>
    <subfield code="p">33.24</subfield>
  </datafield>
  <datafield tag="949" ind1=" " ind2=" ">
    <subfield code="a">973.74 Aa1uwa, Ser.1, v.34, pt.3</subfield>
    <subfield code="w">DEWEY</subfield>
    <subfield code="h">GEN-86</subfield>
    <subfield code="i">31833000915972</subfield>
    <subfield code="e">03/26/1992</subfield>
    <subfield code="p">33.24</subfield>
  </datafield>
  <datafield tag="949" ind1=" " ind2=" ">
    <subfield code="a">973.74 Aa1uwa, Ser.1, v.34, part 4</subfield>
    <subfield code="w">DEWEY</subfield>
    <subfield code="h">GEN-86</subfield>
    <subfield code="i">31833015340752</subfield>
    <subfield code="e">01/28/1992</subfield>
    <subfield code="p">33.24</subfield>
  </datafield>
  <datafield tag="949" ind1=" " ind2=" ">
    <subfield code="a">973.74 Aa1uwa, Ser.1, v.35, part 1</subfield>
    <subfield code="w">DEWEY</subfield>
    <subfield code="h">GEN-86</subfield>
    <subfield code="i">31833015340760</subfield>
    <subfield code="e">01/28/1992</subfield>
    <subfield code="p">33.24</subfield>
  </datafield>
  <datafield tag="949" ind1=" " ind2=" ">
    <subfield code="a">973.74 Aa1uwa, Ser.1, v.35, pt.2</subfield>
    <subfield code="w">DEWEY</subfield>
    <subfield code="h">GEN-86</subfield>
    <subfield code="i">31833015340778</subfield>
    <subfield code="e">01/28/1992</subfield>
    <subfield code="p">33.24</subfield>
  </datafield>
  <datafield tag="949" ind1=" " ind2=" ">
    <subfield code="a">973.74 Aa1uwa, Ser.1, v.36, part 1</subfield>
    <subfield code="w">DEWEY</subfield>
    <subfield code="h">GEN-86</subfield>
    <subfield code="i">31833015340786</subfield>
    <subfield code="e">01/28/1992</subfield>
    <subfield code="p">33.24</subfield>
  </datafield>
  <datafield tag="949" ind1=" " ind2=" ">
    <subfield code="a">973.74 Aa1uwa, Ser.1, v.36, part 2</subfield>
    <subfield code="w">DEWEY</subfield>
    <subfield code="h">GEN-86</subfield>
    <subfield code="i">31833015340794</subfield>
    <subfield code="e">01/28/1992</subfield>
    <subfield code="p">33.24</subfield>
  </datafield>
  <datafield tag="949" ind1=" " ind2=" ">
    <subfield code="a">973.74 Aa1uwa, Ser.1, v.36, part 3</subfield>
    <subfield code="w">DEWEY</subfield>
    <subfield code="h">GEN-86</subfield>
    <subfield code="i">31833015340802</subfield>
    <subfield code="e">01/28/1992</subfield>
    <subfield code="p">33.24</subfield>
  </datafield>
  <datafield tag="949" ind1=" " ind2=" ">
    <subfield code="a">973.74 Aa1uwa, Ser.1, v.37, part 1</subfield>
    <subfield code="w">DEWEY</subfield>
    <subfield code="h">GEN-86</subfield>
    <subfield code="i">31833015340810</subfield>
    <subfield code="e">01/28/1992</subfield>
    <subfield code="p">33.24</subfield>
  </datafield>
  <datafield tag="949" ind1=" " ind2=" ">
    <subfield code="a">973.74 Aa1uwa, Ser.1, v.37, part 2</subfield>
    <subfield code="w">DEWEY</subfield>
    <subfield code="h">GEN-86</subfield>
    <subfield code="i">31833015340828</subfield>
    <subfield code="e">01/28/1992</subfield>
    <subfield code="p">33.24</subfield>
  </datafield>
  <datafield tag="949" ind1=" " ind2=" ">
    <subfield code="a">973.74 Aa1uwa, series 1, v.38, pt.1</subfield>
    <subfield code="w">DEWEY</subfield>
    <subfield code="h">GEN-86</subfield>
    <subfield code="i">31833015656645</subfield>
    <subfield code="e">02/27/1992</subfield>
    <subfield code="p">33.24</subfield>
  </datafield>
  <datafield tag="949" ind1=" " ind2=" ">
    <subfield code="a">973.74 Aa1uwa, Ser.1, v.38, pt.2</subfield>
    <subfield code="w">DEWEY</subfield>
    <subfield code="h">GEN-86</subfield>
    <subfield code="i">31833000915980</subfield>
    <subfield code="e">03/26/1992</subfield>
    <subfield code="p">33.24</subfield>
  </datafield>
  <datafield tag="949" ind1=" " ind2=" ">
    <subfield code="a">973.74 Aa1uwa, Ser.1, v.38, part 3</subfield>
    <subfield code="w">DEWEY</subfield>
    <subfield code="h">GEN-86</subfield>
    <subfield code="i">31833015340836</subfield>
    <subfield code="e">01/28/1992</subfield>
    <subfield code="p">33.24</subfield>
  </datafield>
  <datafield tag="949" ind1=" " ind2=" ">
    <subfield code="a">973.74 Aa1uwa, series 1, v.38, pt.4</subfield>
    <subfield code="w">DEWEY</subfield>
    <subfield code="h">GEN-86</subfield>
    <subfield code="i">31833015656652</subfield>
    <subfield code="e">02/27/1992</subfield>
    <subfield code="p">33.24</subfield>
  </datafield>
  <datafield tag="949" ind1=" " ind2=" ">
    <subfield code="a">973.74 Aa1uwa, Ser.1, v.38, part 5</subfield>
    <subfield code="w">DEWEY</subfield>
    <subfield code="h">GEN-86</subfield>
    <subfield code="i">31833015340844</subfield>
    <subfield code="e">01/28/1992</subfield>
    <subfield code="p">33.24</subfield>
  </datafield>
  <datafield tag="949" ind1=" " ind2=" ">
    <subfield code="a">973.74 Aa1uwa, Ser.1, v.39, pt.1</subfield>
    <subfield code="w">DEWEY</subfield>
    <subfield code="h">GEN-86</subfield>
    <subfield code="i">31833015340851</subfield>
    <subfield code="e">01/28/1992</subfield>
    <subfield code="p">33.24</subfield>
  </datafield>
  <datafield tag="949" ind1=" " ind2=" ">
    <subfield code="a">973.74 Aa1uwa, Ser.1, v.39, part 2</subfield>
    <subfield code="w">DEWEY</subfield>
    <subfield code="h">GEN-86</subfield>
    <subfield code="i">31833015340869</subfield>
    <subfield code="e">01/28/1992</subfield>
    <subfield code="p">33.24</subfield>
  </datafield>
  <datafield tag="949" ind1=" " ind2=" ">
    <subfield code="a">973.74 Aa1uwa, Ser.1, v.1</subfield>
    <subfield code="w">DEWEY</subfield>
    <subfield code="h">GEN-86</subfield>
    <subfield code="i">31833015340562</subfield>
    <subfield code="e">01/28/1992</subfield>
    <subfield code="p">33.24</subfield>
  </datafield>
  <datafield tag="949" ind1=" " ind2=" ">
    <subfield code="a">973.74 Aa1uwa, Ser.1, v.39, part 3</subfield>
    <subfield code="w">DEWEY</subfield>
    <subfield code="h">GEN-86</subfield>
    <subfield code="i">31833015340877</subfield>
    <subfield code="e">01/28/1992</subfield>
    <subfield code="p">33.24</subfield>
  </datafield>
  <datafield tag="949" ind1=" " ind2=" ">
    <subfield code="a">973.74 Aa1uwa, Ser.1,v.12,pt.1</subfield>
    <subfield code="w">DEWEY</subfield>
    <subfield code="h">GEN-86</subfield>
    <subfield code="i">31833000915881</subfield>
    <subfield code="e">03/26/1992</subfield>
    <subfield code="p">33.24</subfield>
  </datafield>
  <datafield tag="949" ind1=" " ind2=" ">
    <subfield code="a">973.74 Aa1uwa, Ser.1, v.40, part 1</subfield>
    <subfield code="w">DEWEY</subfield>
    <subfield code="h">GEN-86</subfield>
    <subfield code="i">31833015340885</subfield>
    <subfield code="e">01/28/1992</subfield>
    <subfield code="p">33.24</subfield>
  </datafield>
  <datafield tag="949" ind1=" " ind2=" ">
    <subfield code="a">973.74 Aa1uwa, series 1, v.40, pt.2</subfield>
    <subfield code="w">DEWEY</subfield>
    <subfield code="h">GEN-86</subfield>
    <subfield code="i">31833015656660</subfield>
    <subfield code="e">02/27/1992</subfield>
    <subfield code="p">33.24</subfield>
  </datafield>
  <datafield tag="949" ind1=" " ind2=" ">
    <subfield code="a">973.74 Aa1uwa, Ser.1, v.40, pt.3</subfield>
    <subfield code="w">DEWEY</subfield>
    <subfield code="h">GEN-86</subfield>
    <subfield code="i">31833015340893</subfield>
    <subfield code="e">01/28/1992</subfield>
    <subfield code="p">33.24</subfield>
  </datafield>
  <datafield tag="949" ind1=" " ind2=" ">
    <subfield code="a">973.74 Aa1uwa, Ser.1, v.41, part 1</subfield>
    <subfield code="w">DEWEY</subfield>
    <subfield code="h">GEN-86</subfield>
    <subfield code="i">31833015340901</subfield>
    <subfield code="e">01/28/1992</subfield>
    <subfield code="p">33.24</subfield>
  </datafield>
  <datafield tag="949" ind1=" " ind2=" ">
    <subfield code="a">973.74 Aa1uwa, Ser.1, v.41, part 2</subfield>
    <subfield code="w">DEWEY</subfield>
    <subfield code="h">GEN-86</subfield>
    <subfield code="i">31833015340919</subfield>
    <subfield code="e">01/28/1992</subfield>
    <subfield code="p">33.24</subfield>
  </datafield>
  <datafield tag="949" ind1=" " ind2=" ">
    <subfield code="a">973.74 Aa1uwa, Ser.1, v.41, part 3</subfield>
    <subfield code="w">DEWEY</subfield>
    <subfield code="h">GEN-86</subfield>
    <subfield code="i">31833015340927</subfield>
    <subfield code="e">01/28/1992</subfield>
    <subfield code="p">33.24</subfield>
  </datafield>
  <datafield tag="949" ind1=" " ind2=" ">
    <subfield code="a">973.74 Aa1uwa, Ser.1, v.41, part 4</subfield>
    <subfield code="w">DEWEY</subfield>
    <subfield code="h">GEN-86</subfield>
    <subfield code="i">31833015340935</subfield>
    <subfield code="e">01/28/1992</subfield>
    <subfield code="p">33.24</subfield>
  </datafield>
  <datafield tag="949" ind1=" " ind2=" ">
    <subfield code="a">973.74 Aa1uwa, Ser.1, v.42, pt.1</subfield>
    <subfield code="w">DEWEY</subfield>
    <subfield code="h">GEN-86</subfield>
    <subfield code="i">31833000915998</subfield>
    <subfield code="e">03/26/1992</subfield>
    <subfield code="p">33.24</subfield>
  </datafield>
  <datafield tag="949" ind1=" " ind2=" ">
    <subfield code="a">973.74 Aa1uwa, Ser.1, v.42, pt.2</subfield>
    <subfield code="w">DEWEY</subfield>
    <subfield code="h">GEN-86</subfield>
    <subfield code="i">31833023799668</subfield>
    <subfield code="e">10/26/1993</subfield>
    <subfield code="p">33.24</subfield>
  </datafield>
  <datafield tag="949" ind1=" " ind2=" ">
    <subfield code="a">973.74 Aa1uwa, Ser.1, v.42, pt.3</subfield>
    <subfield code="w">DEWEY</subfield>
    <subfield code="h">GEN-86</subfield>
    <subfield code="i">31833000916004</subfield>
    <subfield code="e">03/26/1992</subfield>
    <subfield code="p">33.24</subfield>
  </datafield>
  <datafield tag="949" ind1=" " ind2=" ">
    <subfield code="a">973.74 Aa1uwa, Ser.1, v.43, part 1</subfield>
    <subfield code="w">DEWEY</subfield>
    <subfield code="h">GEN-86</subfield>
    <subfield code="i">31833015340943</subfield>
    <subfield code="e">01/28/1992</subfield>
    <subfield code="p">33.24</subfield>
  </datafield>
  <datafield tag="949" ind1=" " ind2=" ">
    <subfield code="a">973.74 Aa1uwa, Ser.1, v.43, pt.2</subfield>
    <subfield code="w">DEWEY</subfield>
    <subfield code="h">GEN-86</subfield>
    <subfield code="i">31833000916012</subfield>
    <subfield code="e">03/26/1992</subfield>
    <subfield code="p">33.24</subfield>
  </datafield>
  <datafield tag="949" ind1=" " ind2=" ">
    <subfield code="a">973.74 Aa1uwa, Ser.1, v.44</subfield>
    <subfield code="w">DEWEY</subfield>
    <subfield code="h">GEN-86</subfield>
    <subfield code="i">31833015340950</subfield>
    <subfield code="e">01/28/1992</subfield>
    <subfield code="p">33.24</subfield>
  </datafield>
  <datafield tag="949" ind1=" " ind2=" ">
    <subfield code="a">973.74 Aa1uwa, Ser.1, v.45, part 1</subfield>
    <subfield code="w">DEWEY</subfield>
    <subfield code="h">GEN-86</subfield>
    <subfield code="i">31833015340968</subfield>
    <subfield code="e">01/28/1992</subfield>
    <subfield code="p">33.24</subfield>
  </datafield>
  <datafield tag="949" ind1=" " ind2=" ">
    <subfield code="a">973.74 Aa1uwa, Ser.1, v.45, part 2</subfield>
    <subfield code="w">DEWEY</subfield>
    <subfield code="h">GEN-86</subfield>
    <subfield code="i">31833015340976</subfield>
    <subfield code="e">01/28/1992</subfield>
    <subfield code="p">33.24</subfield>
  </datafield>
  <datafield tag="949" ind1=" " ind2=" ">
    <subfield code="a">973.74 Aa1uwa, Ser.1, v.46, pt.1</subfield>
    <subfield code="w">DEWEY</subfield>
    <subfield code="h">GEN-86</subfield>
    <subfield code="i">31833023799676</subfield>
    <subfield code="e">10/26/1993</subfield>
    <subfield code="p">33.24</subfield>
  </datafield>
  <datafield tag="949" ind1=" " ind2=" ">
    <subfield code="a">973.74 Aa1uwa, Ser.1, v.46, part 2</subfield>
    <subfield code="w">DEWEY</subfield>
    <subfield code="h">GEN-86</subfield>
    <subfield code="i">31833015340984</subfield>
    <subfield code="e">01/28/1992</subfield>
    <subfield code="p">33.24</subfield>
  </datafield>
  <datafield tag="949" ind1=" " ind2=" ">
    <subfield code="a">973.74 Aa1uwa, series 1, v.46, pt.3</subfield>
    <subfield code="w">DEWEY</subfield>
    <subfield code="h">GEN-86</subfield>
    <subfield code="i">31833015656678</subfield>
    <subfield code="e">02/27/1992</subfield>
    <subfield code="p">33.24</subfield>
  </datafield>
  <datafield tag="949" ind1=" " ind2=" ">
    <subfield code="a">973.74 Aa1uwa, Ser.1, v.47, part 1</subfield>
    <subfield code="w">DEWEY</subfield>
    <subfield code="h">GEN-86</subfield>
    <subfield code="i">31833015340992</subfield>
    <subfield code="e">01/28/1992</subfield>
    <subfield code="p">33.24</subfield>
  </datafield>
  <datafield tag="949" ind1=" " ind2=" ">
    <subfield code="a">973.74 Aa1uwa, series 1, v.47, pt.2</subfield>
    <subfield code="w">DEWEY</subfield>
    <subfield code="h">GEN-86</subfield>
    <subfield code="i">31833015656686</subfield>
    <subfield code="e">02/27/1992</subfield>
    <subfield code="p">33.24</subfield>
  </datafield>
  <datafield tag="949" ind1=" " ind2=" ">
    <subfield code="a">973.74 Aa1uwa, Ser.1, v.47, pt.3</subfield>
    <subfield code="w">DEWEY</subfield>
    <subfield code="h">GEN-86</subfield>
    <subfield code="i">31833023799684</subfield>
    <subfield code="e">10/26/1993</subfield>
    <subfield code="p">33.24</subfield>
  </datafield>
  <datafield tag="949" ind1=" " ind2=" ">
    <subfield code="a">973.74 Aa1uwa, series 1, v.48, pt.1</subfield>
    <subfield code="w">DEWEY</subfield>
    <subfield code="h">GEN-86</subfield>
    <subfield code="i">31833015656694</subfield>
    <subfield code="e">02/27/1992</subfield>
    <subfield code="p">33.24</subfield>
  </datafield>
  <datafield tag="949" ind1=" " ind2=" ">
    <subfield code="a">973.74 Aa1uwa, Ser.1, v.48, pt.2</subfield>
    <subfield code="w">DEWEY</subfield>
    <subfield code="h">GEN-86</subfield>
    <subfield code="i">31833000916020</subfield>
    <subfield code="e">03/26/1992</subfield>
    <subfield code="p">33.24</subfield>
  </datafield>
  <datafield tag="949" ind1=" " ind2=" ">
    <subfield code="a">973.74 Aa1uwa, Ser.1, v.49, part 1</subfield>
    <subfield code="w">DEWEY</subfield>
    <subfield code="h">GEN-86</subfield>
    <subfield code="i">31833015341008</subfield>
    <subfield code="e">01/28/1992</subfield>
    <subfield code="p">33.24</subfield>
  </datafield>
  <datafield tag="949" ind1=" " ind2=" ">
    <subfield code="a">973.74 Aa1uwa, Ser.1, v.49, part 2</subfield>
    <subfield code="w">DEWEY</subfield>
    <subfield code="h">GEN-86</subfield>
    <subfield code="i">31833015341016</subfield>
    <subfield code="e">01/28/1992</subfield>
    <subfield code="p">33.24</subfield>
  </datafield>
  <datafield tag="949" ind1=" " ind2=" ">
    <subfield code="a">973.74 Aa1uwa, series 1, v.53</subfield>
    <subfield code="w">DEWEY</subfield>
    <subfield code="h">GEN-86</subfield>
    <subfield code="i">31833015656702</subfield>
    <subfield code="e">02/27/1992</subfield>
    <subfield code="p">33.24</subfield>
  </datafield>
  <datafield tag="949" ind1=" " ind2=" ">
    <subfield code="a">973.74 Aa1uwa, Ser.2, v.2</subfield>
    <subfield code="w">DEWEY</subfield>
    <subfield code="h">GEN-86</subfield>
    <subfield code="i">31833015341024</subfield>
    <subfield code="e">01/28/1992</subfield>
    <subfield code="p">33.24</subfield>
  </datafield>
  <datafield tag="949" ind1=" " ind2=" ">
    <subfield code="a">973.74 Aa1uwa, Ser.2, v.3</subfield>
    <subfield code="w">DEWEY</subfield>
    <subfield code="h">GEN-86</subfield>
    <subfield code="i">31833015341032</subfield>
    <subfield code="e">01/28/1992</subfield>
    <subfield code="p">33.24</subfield>
  </datafield>
  <datafield tag="949" ind1=" " ind2=" ">
    <subfield code="a">973.74 Aa1uwa, Ser.2, v.4</subfield>
    <subfield code="w">DEWEY</subfield>
    <subfield code="h">GEN-86</subfield>
    <subfield code="i">31833015341040</subfield>
    <subfield code="e">01/28/1992</subfield>
    <subfield code="p">33.24</subfield>
  </datafield>
  <datafield tag="949" ind1=" " ind2=" ">
    <subfield code="a">973.74 Aa1uwa, Ser.2, v.5</subfield>
    <subfield code="w">DEWEY</subfield>
    <subfield code="h">GEN-86</subfield>
    <subfield code="i">31833015341057</subfield>
    <subfield code="e">01/28/1992</subfield>
    <subfield code="p">33.24</subfield>
  </datafield>
  <datafield tag="949" ind1=" " ind2=" ">
    <subfield code="a">973.74 Aa1uwa, Ser.2, v.6</subfield>
    <subfield code="w">DEWEY</subfield>
    <subfield code="h">GEN-86</subfield>
    <subfield code="i">31833015341065</subfield>
    <subfield code="e">01/28/1992</subfield>
    <subfield code="p">33.24</subfield>
  </datafield>
  <datafield tag="949" ind1=" " ind2=" ">
    <subfield code="a">973.74 Aa1uwa, Ser2, v.7D</subfield>
    <subfield code="w">DEWEY</subfield>
    <subfield code="h">GEN-86</subfield>
    <subfield code="i">31833000916087</subfield>
    <subfield code="e">03/26/1992</subfield>
    <subfield code="p">33.24</subfield>
  </datafield>
  <datafield tag="949" ind1=" " ind2=" ">
    <subfield code="a">973.74 Aa1uwa, Ser.2, v.8</subfield>
    <subfield code="w">DEWEY</subfield>
    <subfield code="h">GEN-86</subfield>
    <subfield code="i">31833015341073</subfield>
    <subfield code="e">01/28/1992</subfield>
    <subfield code="p">33.24</subfield>
  </datafield>
  <datafield tag="949" ind1=" " ind2=" ">
    <subfield code="a">973.74 Aa1uwa, Ser.2, v.1</subfield>
    <subfield code="w">DEWEY</subfield>
    <subfield code="h">GEN-86</subfield>
    <subfield code="i">31833023799700</subfield>
    <subfield code="e">10/26/1993</subfield>
    <subfield code="p">33.24</subfield>
  </datafield>
  <datafield tag="949" ind1=" " ind2=" ">
    <subfield code="a">973.74 Aa1uwa, Ser.3, v.1</subfield>
    <subfield code="w">DEWEY</subfield>
    <subfield code="h">GEN-86</subfield>
    <subfield code="i">31833000916095</subfield>
    <subfield code="e">03/26/1992</subfield>
    <subfield code="p">33.24</subfield>
  </datafield>
  <datafield tag="949" ind1=" " ind2=" ">
    <subfield code="a">973.74 Aa1uwa, series 3, v.2</subfield>
    <subfield code="w">DEWEY</subfield>
    <subfield code="h">GEN-86</subfield>
    <subfield code="i">31833015656710</subfield>
    <subfield code="e">02/27/1992</subfield>
    <subfield code="p">33.24</subfield>
  </datafield>
  <datafield tag="949" ind1=" " ind2=" ">
    <subfield code="a">973.74 Aa1uwa, Ser.3, v.3</subfield>
    <subfield code="w">DEWEY</subfield>
    <subfield code="h">GEN-86</subfield>
    <subfield code="i">31833000916103</subfield>
    <subfield code="e">03/26/1992</subfield>
    <subfield code="p">33.24</subfield>
  </datafield>
  <datafield tag="949" ind1=" " ind2=" ">
    <subfield code="a">973.74 Aa1uwa, Ser.3, v.4</subfield>
    <subfield code="w">DEWEY</subfield>
    <subfield code="h">GEN-86</subfield>
    <subfield code="i">31833000916111</subfield>
    <subfield code="e">03/26/1992</subfield>
    <subfield code="p">33.24</subfield>
  </datafield>
  <datafield tag="949" ind1=" " ind2=" ">
    <subfield code="a">973.74 Aa1uwa, Ser.3, v.5</subfield>
    <subfield code="w">DEWEY</subfield>
    <subfield code="h">GEN-86</subfield>
    <subfield code="i">31833015341081</subfield>
    <subfield code="e">01/28/1992</subfield>
    <subfield code="p">33.24</subfield>
  </datafield>
  <datafield tag="949" ind1=" " ind2=" ">
    <subfield code="a">973.74 Aa1uwa, Ser.4, v.1</subfield>
    <subfield code="w">DEWEY</subfield>
    <subfield code="h">GEN-86</subfield>
    <subfield code="i">31833000916129</subfield>
    <subfield code="e">03/26/1992</subfield>
    <subfield code="p">33.24</subfield>
  </datafield>
  <datafield tag="949" ind1=" " ind2=" ">
    <subfield code="a">973.74 Aa1uwa, series 4, v.2</subfield>
    <subfield code="w">DEWEY</subfield>
    <subfield code="h">GEN-86</subfield>
    <subfield code="i">31833015656728</subfield>
    <subfield code="e">02/27/1992</subfield>
    <subfield code="p">33.24</subfield>
  </datafield>
  <datafield tag="949" ind1=" " ind2=" ">
    <subfield code="a">973.74 Aa1uwa, Ser.4, v.3</subfield>
    <subfield code="w">DEWEY</subfield>
    <subfield code="h">GEN-86</subfield>
    <subfield code="i">31833015341099</subfield>
    <subfield code="e">01/28/1992</subfield>
    <subfield code="p">33.24</subfield>
  </datafield>
  <datafield tag="949" ind1=" " ind2=" ">
    <subfield code="a">973.74 Aa1uwa, Ser.1, v.50, pt.1</subfield>
    <subfield code="w">DEWEY</subfield>
    <subfield code="h">GEN-86</subfield>
    <subfield code="i">31833023799692</subfield>
    <subfield code="e">10/26/1993</subfield>
    <subfield code="p">33.24</subfield>
  </datafield>
  <datafield tag="949" ind1=" " ind2=" ">
    <subfield code="a">973.74 Aa1uwa, Ser.1, v.50, pt.2</subfield>
    <subfield code="w">DEWEY</subfield>
    <subfield code="h">GEN-86</subfield>
    <subfield code="i">31833000916038</subfield>
    <subfield code="e">03/26/1992</subfield>
    <subfield code="p">33.24</subfield>
  </datafield>
  <datafield tag="949" ind1=" " ind2=" ">
    <subfield code="a">973.74 Aa1uwa, Ser.1, v.52, pt.2</subfield>
    <subfield code="w">DEWEY</subfield>
    <subfield code="h">GEN-86</subfield>
    <subfield code="i">31833000916079</subfield>
    <subfield code="e">03/26/1992</subfield>
    <subfield code="p">33.24</subfield>
  </datafield>
  <datafield tag="949" ind1=" " ind2=" ">
    <subfield code="a">973.74 Aa1uwa, Ser.1, v.52, pt.1</subfield>
    <subfield code="w">DEWEY</subfield>
    <subfield code="h">GEN-86</subfield>
    <subfield code="i">31833000916061</subfield>
    <subfield code="e">03/26/1992</subfield>
    <subfield code="p">33.24</subfield>
  </datafield>
  <datafield tag="949" ind1=" " ind2=" ">
    <subfield code="a">973.74 Aa1uwa, Ser.1, v.51, pt.2</subfield>
    <subfield code="w">DEWEY</subfield>
    <subfield code="h">GEN-86</subfield>
    <subfield code="i">31833000916053</subfield>
    <subfield code="e">03/26/1992</subfield>
    <subfield code="p">33.24</subfield>
  </datafield>
  <datafield tag="949" ind1=" " ind2=" ">
    <subfield code="a">973.74 Aa1uwa, Ser.1, v.51, pt.1</subfield>
    <subfield code="w">DEWEY</subfield>
    <subfield code="h">GEN-86</subfield>
    <subfield code="i">31833000916046</subfield>
    <subfield code="e">03/26/1992</subfield>
    <subfield code="p">33.24</subfield>
  </datafield>
  <datafield tag="949" ind1=" " ind2=" ">
    <subfield code="a">973.74 Aa1uwa, Ser.1, v. 24, pt.3</subfield>
    <subfield code="w">DEWEY</subfield>
    <subfield code="h">GEN-86</subfield>
    <subfield code="i">31833000915923</subfield>
    <subfield code="e">03/26/1992</subfield>
    <subfield code="p">33.24</subfield>
  </datafield>
  <datafield tag="949" ind1=" " ind2=" ">
    <subfield code="a">973.74 Aa1uwa, Ser.1, v.12, pt.2 suppl.</subfield>
    <subfield code="w">DEWEY</subfield>
    <subfield code="h">GEN-86</subfield>
    <subfield code="i">31833000915899</subfield>
    <subfield code="e">03/26/1992</subfield>
    <subfield code="p">33.24</subfield>
  </datafield>
  <datafield tag="596" ind1=" " ind2=" ">
    <subfield code="a">16</subfield>
  </datafield>
  <datafield tag="999" ind1=" " ind2=" ">
    <subfield code="a">973.74 AA1UWA, SER.1, V.2</subfield>
    <subfield code="w">DEWEY</subfield>
    <subfield code="c">1</subfield>
    <subfield code="i">31833023799536</subfield>
    <subfield code="d">12/11/1998</subfield>
    <subfield code="e">10/26/1993</subfield>
    <subfield code="l">GENEALOGY</subfield>
    <subfield code="m">GENEALOGY</subfield>
    <subfield code="p">$33.24</subfield>
    <subfield code="r">N</subfield>
    <subfield code="s">Y</subfield>
    <subfield code="t">BOOK</subfield>
    <subfield code="u">12/11/1998</subfield>
    <subfield code="x">86</subfield>
    <subfield code="z">ADULT</subfield>
  </datafield>
  <datafield tag="999" ind1=" " ind2=" ">
    <subfield code="a">973.74 AA1UWA, SER.1, V.3</subfield>
    <subfield code="w">DEWEY</subfield>
    <subfield code="c">1</subfield>
    <subfield code="i">31833023799544</subfield>
    <subfield code="d">12/11/1998</subfield>
    <subfield code="e">10/26/1993</subfield>
    <subfield code="l">GENEALOGY</subfield>
    <subfield code="m">GENEALOGY</subfield>
    <subfield code="p">$33.24</subfield>
    <subfield code="r">N</subfield>
    <subfield code="s">Y</subfield>
    <subfield code="t">BOOK</subfield>
    <subfield code="u">12/11/1998</subfield>
    <subfield code="x">86</subfield>
    <subfield code="z">ADULT</subfield>
  </datafield>
  <datafield tag="999" ind1=" " ind2=" ">
    <subfield code="a">973.74 AA1UWA, SER.1, V.4</subfield>
    <subfield code="w">DEWEY</subfield>
    <subfield code="c">1</subfield>
    <subfield code="i">31833023799551</subfield>
    <subfield code="d">12/11/1998</subfield>
    <subfield code="e">10/26/1993</subfield>
    <subfield code="l">GENEALOGY</subfield>
    <subfield code="m">GENEALOGY</subfield>
    <subfield code="p">$33.24</subfield>
    <subfield code="r">N</subfield>
    <subfield code="s">Y</subfield>
    <subfield code="t">BOOK</subfield>
    <subfield code="u">12/11/1998</subfield>
    <subfield code="x">86</subfield>
    <subfield code="z">ADULT</subfield>
  </datafield>
  <datafield tag="999" ind1=" " ind2=" ">
    <subfield code="a">973.74 AA1UWA, SER.1, V.5</subfield>
    <subfield code="w">DEWEY</subfield>
    <subfield code="c">1</subfield>
    <subfield code="i">31833023799569</subfield>
    <subfield code="d">12/11/1998</subfield>
    <subfield code="e">10/26/1993</subfield>
    <subfield code="l">GENEALOGY</subfield>
    <subfield code="m">GENEALOGY</subfield>
    <subfield code="p">$33.24</subfield>
    <subfield code="r">N</subfield>
    <subfield code="s">Y</subfield>
    <subfield code="t">BOOK</subfield>
    <subfield code="u">12/11/1998</subfield>
    <subfield code="x">86</subfield>
    <subfield code="z">ADULT</subfield>
  </datafield>
  <datafield tag="999" ind1=" " ind2=" ">
    <subfield code="a">973.74 AA1UWA, SER.1, VOL.6</subfield>
    <subfield code="w">DEWEY</subfield>
    <subfield code="c">1</subfield>
    <subfield code="i">31833000915857</subfield>
    <subfield code="d">12/11/1998</subfield>
    <subfield code="e">3/26/1992</subfield>
    <subfield code="l">GENEALOGY</subfield>
    <subfield code="m">GENEALOGY</subfield>
    <subfield code="p">$33.24</subfield>
    <subfield code="r">N</subfield>
    <subfield code="s">Y</subfield>
    <subfield code="t">BOOK</subfield>
    <subfield code="u">12/11/1998</subfield>
    <subfield code="x">86</subfield>
    <subfield code="z">ADULT</subfield>
  </datafield>
  <datafield tag="999" ind1=" " ind2=" ">
    <subfield code="a">973.74 AA1UWA, SERIES 1, V.7</subfield>
    <subfield code="w">DEWEY</subfield>
    <subfield code="c">1</subfield>
    <subfield code="i">31833015656462</subfield>
    <subfield code="d">12/11/1998</subfield>
    <subfield code="e">2/27/1992</subfield>
    <subfield code="l">GENEALOGY</subfield>
    <subfield code="m">GENEALOGY</subfield>
    <subfield code="p">$33.24</subfield>
    <subfield code="r">N</subfield>
    <subfield code="s">Y</subfield>
    <subfield code="t">BOOK</subfield>
    <subfield code="u">12/11/1998</subfield>
    <subfield code="x">86</subfield>
    <subfield code="z">ADULT</subfield>
  </datafield>
  <datafield tag="999" ind1=" " ind2=" ">
    <subfield code="a">973.74 AA1UWA, SER.1, V.8</subfield>
    <subfield code="w">DEWEY</subfield>
    <subfield code="c">1</subfield>
    <subfield code="i">31833023799577</subfield>
    <subfield code="d">12/11/1998</subfield>
    <subfield code="e">10/26/1993</subfield>
    <subfield code="l">GENEALOGY</subfield>
    <subfield code="m">GENEALOGY</subfield>
    <subfield code="p">$33.24</subfield>
    <subfield code="r">N</subfield>
    <subfield code="s">Y</subfield>
    <subfield code="t">BOOK</subfield>
    <subfield code="u">12/11/1998</subfield>
    <subfield code="x">86</subfield>
    <subfield code="z">ADULT</subfield>
  </datafield>
  <datafield tag="999" ind1=" " ind2=" ">
    <subfield code="a">973.74 AA1UWA, SERIES 1, V.10, PT.2</subfield>
    <subfield code="w">DEWEY</subfield>
    <subfield code="c">1</subfield>
    <subfield code="i">31833015656546</subfield>
    <subfield code="d">12/11/1998</subfield>
    <subfield code="e">2/27/1992</subfield>
    <subfield code="l">GENEALOGY</subfield>
    <subfield code="m">GENEALOGY</subfield>
    <subfield code="p">$33.24</subfield>
    <subfield code="r">N</subfield>
    <subfield code="s">Y</subfield>
    <subfield code="t">BOOK</subfield>
    <subfield code="u">12/11/1998</subfield>
    <subfield code="x">86</subfield>
    <subfield code="z">ADULT</subfield>
  </datafield>
  <datafield tag="999" ind1=" " ind2=" ">
    <subfield code="a">973.74 AA1UWA, SER.1, V.9</subfield>
    <subfield code="w">DEWEY</subfield>
    <subfield code="c">1</subfield>
    <subfield code="i">31833015340570</subfield>
    <subfield code="d">12/11/1998</subfield>
    <subfield code="e">1/28/1992</subfield>
    <subfield code="l">GENEALOGY</subfield>
    <subfield code="m">GENEALOGY</subfield>
    <subfield code="p">$33.24</subfield>
    <subfield code="r">N</subfield>
    <subfield code="s">Y</subfield>
    <subfield code="t">BOOK</subfield>
    <subfield code="u">12/11/1998</subfield>
    <subfield code="x">86</subfield>
    <subfield code="z">ADULT</subfield>
  </datafield>
  <datafield tag="999" ind1=" " ind2=" ">
    <subfield code="a">973.74 AA1UWA, SER.1, V.10, PT.1</subfield>
    <subfield code="w">DEWEY</subfield>
    <subfield code="c">1</subfield>
    <subfield code="i">31833015340588</subfield>
    <subfield code="d">12/11/1998</subfield>
    <subfield code="e">1/28/1992</subfield>
    <subfield code="l">GENEALOGY</subfield>
    <subfield code="m">GENEALOGY</subfield>
    <subfield code="p">$33.24</subfield>
    <subfield code="r">N</subfield>
    <subfield code="s">Y</subfield>
    <subfield code="t">BOOK</subfield>
    <subfield code="u">12/11/1998</subfield>
    <subfield code="x">86</subfield>
    <subfield code="z">ADULT</subfield>
  </datafield>
  <datafield tag="999" ind1=" " ind2=" ">
    <subfield code="a">973.74 AA1UWA, SER.1, V.11, PT.2</subfield>
    <subfield code="w">DEWEY</subfield>
    <subfield code="c">1</subfield>
    <subfield code="i">31833015340596</subfield>
    <subfield code="d">12/11/1998</subfield>
    <subfield code="e">1/28/1992</subfield>
    <subfield code="l">GENEALOGY</subfield>
    <subfield code="m">GENEALOGY</subfield>
    <subfield code="p">$33.24</subfield>
    <subfield code="r">N</subfield>
    <subfield code="s">Y</subfield>
    <subfield code="t">BOOK</subfield>
    <subfield code="u">12/11/1998</subfield>
    <subfield code="x">86</subfield>
    <subfield code="z">ADULT</subfield>
  </datafield>
  <datafield tag="999" ind1=" " ind2=" ">
    <subfield code="a">973.74 AA1UWA, SER.1, V.11, PT.3</subfield>
    <subfield code="w">DEWEY</subfield>
    <subfield code="c">1</subfield>
    <subfield code="i">31833015340604</subfield>
    <subfield code="d">12/11/1998</subfield>
    <subfield code="e">1/28/1992</subfield>
    <subfield code="l">GENEALOGY</subfield>
    <subfield code="m">GENEALOGY</subfield>
    <subfield code="p">$33.24</subfield>
    <subfield code="r">N</subfield>
    <subfield code="s">Y</subfield>
    <subfield code="t">BOOK</subfield>
    <subfield code="u">12/11/1998</subfield>
    <subfield code="x">86</subfield>
    <subfield code="z">ADULT</subfield>
  </datafield>
  <datafield tag="999" ind1=" " ind2=" ">
    <subfield code="a">973.74 AA1UWA, SERIES 1, V.11, PT.1</subfield>
    <subfield code="w">DEWEY</subfield>
    <subfield code="c">1</subfield>
    <subfield code="i">31833015656553</subfield>
    <subfield code="d">12/11/1998</subfield>
    <subfield code="e">2/27/1992</subfield>
    <subfield code="l">GENEALOGY</subfield>
    <subfield code="m">GENEALOGY</subfield>
    <subfield code="p">$33.24</subfield>
    <subfield code="r">N</subfield>
    <subfield code="s">Y</subfield>
    <subfield code="t">BOOK</subfield>
    <subfield code="u">12/11/1998</subfield>
    <subfield code="x">86</subfield>
    <subfield code="z">ADULT</subfield>
  </datafield>
  <datafield tag="999" ind1=" " ind2=" ">
    <subfield code="a">973.74 AA1UWA, SERIES 1, V.12, PT.2</subfield>
    <subfield code="w">DEWEY</subfield>
    <subfield code="c">1</subfield>
    <subfield code="i">31833015656488</subfield>
    <subfield code="d">12/11/1998</subfield>
    <subfield code="e">2/27/1992</subfield>
    <subfield code="l">GENEALOGY</subfield>
    <subfield code="m">GENEALOGY</subfield>
    <subfield code="p">$33.24</subfield>
    <subfield code="r">N</subfield>
    <subfield code="s">Y</subfield>
    <subfield code="t">BOOK</subfield>
    <subfield code="u">12/11/1998</subfield>
    <subfield code="x">86</subfield>
    <subfield code="z">ADULT</subfield>
  </datafield>
  <datafield tag="999" ind1=" " ind2=" ">
    <subfield code="a">973.74 AA1UWA, SER.1, V.12, PT.3</subfield>
    <subfield code="w">DEWEY</subfield>
    <subfield code="c">1</subfield>
    <subfield code="i">31833015340612</subfield>
    <subfield code="d">12/11/1998</subfield>
    <subfield code="e">1/28/1992</subfield>
    <subfield code="l">GENEALOGY</subfield>
    <subfield code="m">GENEALOGY</subfield>
    <subfield code="p">$33.24</subfield>
    <subfield code="r">N</subfield>
    <subfield code="s">Y</subfield>
    <subfield code="t">BOOK</subfield>
    <subfield code="u">12/11/1998</subfield>
    <subfield code="x">86</subfield>
    <subfield code="z">ADULT</subfield>
  </datafield>
  <datafield tag="999" ind1=" " ind2=" ">
    <subfield code="a">973.74 AA1UWA, SER.1, V.13</subfield>
    <subfield code="w">DEWEY</subfield>
    <subfield code="c">1</subfield>
    <subfield code="i">31833015340620</subfield>
    <subfield code="d">12/11/1998</subfield>
    <subfield code="e">1/28/1992</subfield>
    <subfield code="l">GENEALOGY</subfield>
    <subfield code="m">GENEALOGY</subfield>
    <subfield code="p">$33.24</subfield>
    <subfield code="r">N</subfield>
    <subfield code="s">Y</subfield>
    <subfield code="t">BOOK</subfield>
    <subfield code="u">12/11/1998</subfield>
    <subfield code="x">86</subfield>
    <subfield code="z">ADULT</subfield>
  </datafield>
  <datafield tag="999" ind1=" " ind2=" ">
    <subfield code="a">973.74 AA1UWA, SER.1, V.14</subfield>
    <subfield code="w">DEWEY</subfield>
    <subfield code="c">1</subfield>
    <subfield code="i">31833000915865</subfield>
    <subfield code="d">12/11/1998</subfield>
    <subfield code="e">3/26/1992</subfield>
    <subfield code="l">GENEALOGY</subfield>
    <subfield code="m">GENEALOGY</subfield>
    <subfield code="p">$33.24</subfield>
    <subfield code="r">N</subfield>
    <subfield code="s">Y</subfield>
    <subfield code="t">BOOK</subfield>
    <subfield code="u">12/11/1998</subfield>
    <subfield code="x">86</subfield>
    <subfield code="z">ADULT</subfield>
  </datafield>
  <datafield tag="999" ind1=" " ind2=" ">
    <subfield code="a">973.74 AA1UWA, SERIES 1, V.15</subfield>
    <subfield code="w">DEWEY</subfield>
    <subfield code="c">1</subfield>
    <subfield code="i">31833015656496</subfield>
    <subfield code="d">12/11/1998</subfield>
    <subfield code="e">2/27/1992</subfield>
    <subfield code="l">GENEALOGY</subfield>
    <subfield code="m">GENEALOGY</subfield>
    <subfield code="p">$33.24</subfield>
    <subfield code="r">N</subfield>
    <subfield code="s">Y</subfield>
    <subfield code="t">BOOK</subfield>
    <subfield code="u">12/11/1998</subfield>
    <subfield code="x">86</subfield>
    <subfield code="z">ADULT</subfield>
  </datafield>
  <datafield tag="999" ind1=" " ind2=" ">
    <subfield code="a">973.74 AA1UWA, SER.1, V.16, PT.1</subfield>
    <subfield code="w">DEWEY</subfield>
    <subfield code="c">1</subfield>
    <subfield code="i">31833000915873</subfield>
    <subfield code="d">12/11/1998</subfield>
    <subfield code="e">3/26/1992</subfield>
    <subfield code="l">GENEALOGY</subfield>
    <subfield code="m">GENEALOGY</subfield>
    <subfield code="p">$33.24</subfield>
    <subfield code="r">N</subfield>
    <subfield code="s">Y</subfield>
    <subfield code="t">BOOK</subfield>
    <subfield code="u">12/11/1998</subfield>
    <subfield code="x">86</subfield>
    <subfield code="z">ADULT</subfield>
  </datafield>
  <datafield tag="999" ind1=" " ind2=" ">
    <subfield code="a">973.74 AA1UWA, SER.1, V.16, PT.2</subfield>
    <subfield code="w">DEWEY</subfield>
    <subfield code="c">1</subfield>
    <subfield code="i">31833023799585</subfield>
    <subfield code="d">12/11/1998</subfield>
    <subfield code="e">10/26/1993</subfield>
    <subfield code="l">GENEALOGY</subfield>
    <subfield code="m">GENEALOGY</subfield>
    <subfield code="p">$33.24</subfield>
    <subfield code="r">N</subfield>
    <subfield code="s">Y</subfield>
    <subfield code="t">BOOK</subfield>
    <subfield code="u">12/11/1998</subfield>
    <subfield code="x">86</subfield>
    <subfield code="z">ADULT</subfield>
  </datafield>
  <datafield tag="999" ind1=" " ind2=" ">
    <subfield code="a">973.74 AA1UWA, SER.1, V.17, PT.1</subfield>
    <subfield code="w">DEWEY</subfield>
    <subfield code="c">1</subfield>
    <subfield code="i">31833000915907</subfield>
    <subfield code="d">12/11/1998</subfield>
    <subfield code="e">3/26/1992</subfield>
    <subfield code="l">GENEALOGY</subfield>
    <subfield code="m">GENEALOGY</subfield>
    <subfield code="p">$33.24</subfield>
    <subfield code="r">N</subfield>
    <subfield code="s">Y</subfield>
    <subfield code="t">BOOK</subfield>
    <subfield code="u">12/11/1998</subfield>
    <subfield code="x">86</subfield>
    <subfield code="z">ADULT</subfield>
  </datafield>
  <datafield tag="999" ind1=" " ind2=" ">
    <subfield code="a">973.74 AA1UWA, SERIES 1, V.17, PT.2</subfield>
    <subfield code="w">DEWEY</subfield>
    <subfield code="c">1</subfield>
    <subfield code="i">31833015656504</subfield>
    <subfield code="d">12/11/1998</subfield>
    <subfield code="e">2/27/1992</subfield>
    <subfield code="l">GENEALOGY</subfield>
    <subfield code="m">GENEALOGY</subfield>
    <subfield code="p">$33.24</subfield>
    <subfield code="r">N</subfield>
    <subfield code="s">Y</subfield>
    <subfield code="t">BOOK</subfield>
    <subfield code="u">12/11/1998</subfield>
    <subfield code="x">86</subfield>
    <subfield code="z">ADULT</subfield>
  </datafield>
  <datafield tag="999" ind1=" " ind2=" ">
    <subfield code="a">973.74 AA1UWA, SER.1, V.18</subfield>
    <subfield code="w">DEWEY</subfield>
    <subfield code="c">1</subfield>
    <subfield code="i">31833015340638</subfield>
    <subfield code="d">12/11/1998</subfield>
    <subfield code="e">1/28/1992</subfield>
    <subfield code="l">GENEALOGY</subfield>
    <subfield code="m">GENEALOGY</subfield>
    <subfield code="p">$33.24</subfield>
    <subfield code="r">N</subfield>
    <subfield code="s">Y</subfield>
    <subfield code="t">BOOK</subfield>
    <subfield code="u">12/11/1998</subfield>
    <subfield code="x">86</subfield>
    <subfield code="z">ADULT</subfield>
  </datafield>
  <datafield tag="999" ind1=" " ind2=" ">
    <subfield code="a">973.74 AA1UWA, SERIES 1, V.19, PT.1</subfield>
    <subfield code="w">DEWEY</subfield>
    <subfield code="c">1</subfield>
    <subfield code="i">31833015656512</subfield>
    <subfield code="d">12/11/1998</subfield>
    <subfield code="e">2/27/1992</subfield>
    <subfield code="l">GENEALOGY</subfield>
    <subfield code="m">GENEALOGY</subfield>
    <subfield code="p">$33.24</subfield>
    <subfield code="r">N</subfield>
    <subfield code="s">Y</subfield>
    <subfield code="t">BOOK</subfield>
    <subfield code="u">12/11/1998</subfield>
    <subfield code="x">86</subfield>
    <subfield code="z">ADULT</subfield>
  </datafield>
  <datafield tag="999" ind1=" " ind2=" ">
    <subfield code="a">973.74 AA1UWA, SER.1, V.19, PT.2</subfield>
    <subfield code="w">DEWEY</subfield>
    <subfield code="c">1</subfield>
    <subfield code="i">31833023799593</subfield>
    <subfield code="d">12/11/1998</subfield>
    <subfield code="e">10/26/1993</subfield>
    <subfield code="l">GENEALOGY</subfield>
    <subfield code="m">GENEALOGY</subfield>
    <subfield code="p">$33.24</subfield>
    <subfield code="r">N</subfield>
    <subfield code="s">Y</subfield>
    <subfield code="t">BOOK</subfield>
    <subfield code="u">12/11/1998</subfield>
    <subfield code="x">86</subfield>
    <subfield code="z">ADULT</subfield>
  </datafield>
  <datafield tag="999" ind1=" " ind2=" ">
    <subfield code="a">973.74 AA1UWA, SERIES 1, V.20, PART 1</subfield>
    <subfield code="w">DEWEY</subfield>
    <subfield code="c">1</subfield>
    <subfield code="i">31833015656520</subfield>
    <subfield code="d">12/11/1998</subfield>
    <subfield code="e">2/27/1992</subfield>
    <subfield code="l">GENEALOGY</subfield>
    <subfield code="m">GENEALOGY</subfield>
    <subfield code="p">$33.24</subfield>
    <subfield code="r">N</subfield>
    <subfield code="s">Y</subfield>
    <subfield code="t">BOOK</subfield>
    <subfield code="u">12/11/1998</subfield>
    <subfield code="x">86</subfield>
    <subfield code="z">ADULT</subfield>
  </datafield>
  <datafield tag="999" ind1=" " ind2=" ">
    <subfield code="a">973.74 AA1UWA, SERIES 1, V.20, PT.2</subfield>
    <subfield code="w">DEWEY</subfield>
    <subfield code="c">1</subfield>
    <subfield code="i">31833015656538</subfield>
    <subfield code="d">12/11/1998</subfield>
    <subfield code="e">2/27/1992</subfield>
    <subfield code="l">GENEALOGY</subfield>
    <subfield code="m">GENEALOGY</subfield>
    <subfield code="p">$33.24</subfield>
    <subfield code="r">N</subfield>
    <subfield code="s">Y</subfield>
    <subfield code="t">BOOK</subfield>
    <subfield code="u">12/11/1998</subfield>
    <subfield code="x">86</subfield>
    <subfield code="z">ADULT</subfield>
  </datafield>
  <datafield tag="999" ind1=" " ind2=" ">
    <subfield code="a">973.74 AA1UWA, SER.1, V.21</subfield>
    <subfield code="w">DEWEY</subfield>
    <subfield code="c">1</subfield>
    <subfield code="i">31833023799601</subfield>
    <subfield code="d">12/11/1998</subfield>
    <subfield code="e">10/26/1993</subfield>
    <subfield code="l">GENEALOGY</subfield>
    <subfield code="m">GENEALOGY</subfield>
    <subfield code="p">$33.24</subfield>
    <subfield code="r">N</subfield>
    <subfield code="s">Y</subfield>
    <subfield code="t">BOOK</subfield>
    <subfield code="u">12/11/1998</subfield>
    <subfield code="x">86</subfield>
    <subfield code="z">ADULT</subfield>
  </datafield>
  <datafield tag="999" ind1=" " ind2=" ">
    <subfield code="a">973.74 AA1UWA, SER.1, V.22, PT.1</subfield>
    <subfield code="w">DEWEY</subfield>
    <subfield code="c">1</subfield>
    <subfield code="i">31833023799619</subfield>
    <subfield code="d">12/11/1998</subfield>
    <subfield code="e">10/26/1993</subfield>
    <subfield code="l">GENEALOGY</subfield>
    <subfield code="m">GENEALOGY</subfield>
    <subfield code="p">$33.24</subfield>
    <subfield code="r">N</subfield>
    <subfield code="s">Y</subfield>
    <subfield code="t">BOOK</subfield>
    <subfield code="u">12/11/1998</subfield>
    <subfield code="x">86</subfield>
    <subfield code="z">ADULT</subfield>
  </datafield>
  <datafield tag="999" ind1=" " ind2=" ">
    <subfield code="a">973.74 AA1UWA, SERIES 1, V.22, PT.2</subfield>
    <subfield code="w">DEWEY</subfield>
    <subfield code="c">1</subfield>
    <subfield code="i">31833015656561</subfield>
    <subfield code="d">12/11/1998</subfield>
    <subfield code="e">2/27/1992</subfield>
    <subfield code="l">GENEALOGY</subfield>
    <subfield code="m">GENEALOGY</subfield>
    <subfield code="p">$33.24</subfield>
    <subfield code="r">N</subfield>
    <subfield code="s">Y</subfield>
    <subfield code="t">BOOK</subfield>
    <subfield code="u">12/11/1998</subfield>
    <subfield code="x">86</subfield>
    <subfield code="z">ADULT</subfield>
  </datafield>
  <datafield tag="999" ind1=" " ind2=" ">
    <subfield code="a">973.74 AA1UWA, SER.1, V.23, PT.1</subfield>
    <subfield code="w">DEWEY</subfield>
    <subfield code="c">1</subfield>
    <subfield code="i">31833023799627</subfield>
    <subfield code="d">12/11/1998</subfield>
    <subfield code="e">10/26/1993</subfield>
    <subfield code="l">GENEALOGY</subfield>
    <subfield code="m">GENEALOGY</subfield>
    <subfield code="p">$33.24</subfield>
    <subfield code="r">N</subfield>
    <subfield code="s">Y</subfield>
    <subfield code="t">BOOK</subfield>
    <subfield code="u">12/11/1998</subfield>
    <subfield code="x">86</subfield>
    <subfield code="z">ADULT</subfield>
  </datafield>
  <datafield tag="999" ind1=" " ind2=" ">
    <subfield code="a">973.74 AA1UWA, SER.1, V.23, PT.2</subfield>
    <subfield code="w">DEWEY</subfield>
    <subfield code="c">1</subfield>
    <subfield code="i">31833023799635</subfield>
    <subfield code="d">12/11/1998</subfield>
    <subfield code="e">10/26/1993</subfield>
    <subfield code="l">GENEALOGY</subfield>
    <subfield code="m">GENEALOGY</subfield>
    <subfield code="p">$33.24</subfield>
    <subfield code="r">N</subfield>
    <subfield code="s">Y</subfield>
    <subfield code="t">BOOK</subfield>
    <subfield code="u">12/11/1998</subfield>
    <subfield code="x">86</subfield>
    <subfield code="z">ADULT</subfield>
  </datafield>
  <datafield tag="999" ind1=" " ind2=" ">
    <subfield code="a">973.74 AA1UWA, SER.1,V.24,PT.1</subfield>
    <subfield code="w">DEWEY</subfield>
    <subfield code="c">1</subfield>
    <subfield code="i">31833000915915</subfield>
    <subfield code="d">12/11/1998</subfield>
    <subfield code="e">3/26/1992</subfield>
    <subfield code="l">GENEALOGY</subfield>
    <subfield code="m">GENEALOGY</subfield>
    <subfield code="p">$33.24</subfield>
    <subfield code="r">N</subfield>
    <subfield code="s">Y</subfield>
    <subfield code="t">BOOK</subfield>
    <subfield code="u">12/11/1998</subfield>
    <subfield code="x">86</subfield>
    <subfield code="z">ADULT</subfield>
  </datafield>
  <datafield tag="999" ind1=" " ind2=" ">
    <subfield code="a">973.74 AA1UWA, SERIES 1, V.24, PT.2</subfield>
    <subfield code="w">DEWEY</subfield>
    <subfield code="c">1</subfield>
    <subfield code="i">31833015656579</subfield>
    <subfield code="d">12/11/1998</subfield>
    <subfield code="e">2/27/1992</subfield>
    <subfield code="l">GENEALOGY</subfield>
    <subfield code="m">GENEALOGY</subfield>
    <subfield code="p">$33.24</subfield>
    <subfield code="r">N</subfield>
    <subfield code="s">Y</subfield>
    <subfield code="t">BOOK</subfield>
    <subfield code="u">12/11/1998</subfield>
    <subfield code="x">86</subfield>
    <subfield code="z">ADULT</subfield>
  </datafield>
  <datafield tag="999" ind1=" " ind2=" ">
    <subfield code="a">973.74 AA1UWA, SERIES 1, V.25, PT.1</subfield>
    <subfield code="w">DEWEY</subfield>
    <subfield code="c">1</subfield>
    <subfield code="i">31833015656587</subfield>
    <subfield code="d">12/11/1998</subfield>
    <subfield code="e">2/27/1992</subfield>
    <subfield code="l">GENEALOGY</subfield>
    <subfield code="m">GENEALOGY</subfield>
    <subfield code="p">$33.24</subfield>
    <subfield code="r">N</subfield>
    <subfield code="s">Y</subfield>
    <subfield code="t">BOOK</subfield>
    <subfield code="u">12/11/1998</subfield>
    <subfield code="x">86</subfield>
    <subfield code="z">ADULT</subfield>
  </datafield>
  <datafield tag="999" ind1=" " ind2=" ">
    <subfield code="a">973.74 AA1UWA, SER.1, V.25, PT.2</subfield>
    <subfield code="w">DEWEY</subfield>
    <subfield code="c">1</subfield>
    <subfield code="i">31833000915931</subfield>
    <subfield code="d">12/11/1998</subfield>
    <subfield code="e">3/26/1992</subfield>
    <subfield code="l">GENEALOGY</subfield>
    <subfield code="m">GENEALOGY</subfield>
    <subfield code="p">$33.24</subfield>
    <subfield code="r">N</subfield>
    <subfield code="s">Y</subfield>
    <subfield code="t">BOOK</subfield>
    <subfield code="u">12/11/1998</subfield>
    <subfield code="x">86</subfield>
    <subfield code="z">ADULT</subfield>
  </datafield>
  <datafield tag="999" ind1=" " ind2=" ">
    <subfield code="a">973.74 AA1UWA, SER.1, V.25, PT.2</subfield>
    <subfield code="w">DEWEY</subfield>
    <subfield code="c">2</subfield>
    <subfield code="i">31833023799643</subfield>
    <subfield code="d">12/11/1998</subfield>
    <subfield code="e">10/26/1993</subfield>
    <subfield code="l">GENEALOGY</subfield>
    <subfield code="m">GENEALOGY</subfield>
    <subfield code="p">$33.24</subfield>
    <subfield code="r">N</subfield>
    <subfield code="s">Y</subfield>
    <subfield code="t">BOOK</subfield>
    <subfield code="u">12/11/1998</subfield>
    <subfield code="x">86</subfield>
    <subfield code="z">ADULT</subfield>
  </datafield>
  <datafield tag="999" ind1=" " ind2=" ">
    <subfield code="a">973.74 AA1UWA, SER.1, V.26, PT.2</subfield>
    <subfield code="w">DEWEY</subfield>
    <subfield code="c">1</subfield>
    <subfield code="i">31833015340646</subfield>
    <subfield code="d">12/11/1998</subfield>
    <subfield code="e">1/28/1992</subfield>
    <subfield code="l">GENEALOGY</subfield>
    <subfield code="m">GENEALOGY</subfield>
    <subfield code="p">$33.24</subfield>
    <subfield code="r">N</subfield>
    <subfield code="s">Y</subfield>
    <subfield code="t">BOOK</subfield>
    <subfield code="u">12/11/1998</subfield>
    <subfield code="x">86</subfield>
    <subfield code="z">ADULT</subfield>
  </datafield>
  <datafield tag="999" ind1=" " ind2=" ">
    <subfield code="a">973.74 AA1UWA, SERIES 1, V.27, PT.1</subfield>
    <subfield code="w">DEWEY</subfield>
    <subfield code="c">1</subfield>
    <subfield code="i">31833015656595</subfield>
    <subfield code="d">12/11/1998</subfield>
    <subfield code="e">2/27/1992</subfield>
    <subfield code="l">GENEALOGY</subfield>
    <subfield code="m">GENEALOGY</subfield>
    <subfield code="p">$33.24</subfield>
    <subfield code="r">N</subfield>
    <subfield code="s">Y</subfield>
    <subfield code="t">BOOK</subfield>
    <subfield code="u">12/11/1998</subfield>
    <subfield code="x">86</subfield>
    <subfield code="z">ADULT</subfield>
  </datafield>
  <datafield tag="999" ind1=" " ind2=" ">
    <subfield code="a">973.74 AA1UWA, SERIES 1, V.27, PT.2</subfield>
    <subfield code="w">DEWEY</subfield>
    <subfield code="c">1</subfield>
    <subfield code="i">31833015656603</subfield>
    <subfield code="d">12/11/1998</subfield>
    <subfield code="e">2/27/1992</subfield>
    <subfield code="l">GENEALOGY</subfield>
    <subfield code="m">GENEALOGY</subfield>
    <subfield code="p">$33.24</subfield>
    <subfield code="r">N</subfield>
    <subfield code="s">Y</subfield>
    <subfield code="t">BOOK</subfield>
    <subfield code="u">12/11/1998</subfield>
    <subfield code="x">86</subfield>
    <subfield code="z">ADULT</subfield>
  </datafield>
  <datafield tag="999" ind1=" " ind2=" ">
    <subfield code="a">973.74 AA1UWA, SER.1, V.27, PT.3</subfield>
    <subfield code="w">DEWEY</subfield>
    <subfield code="c">1</subfield>
    <subfield code="i">31833015340653</subfield>
    <subfield code="d">12/11/1998</subfield>
    <subfield code="e">1/28/1992</subfield>
    <subfield code="l">GENEALOGY</subfield>
    <subfield code="m">GENEALOGY</subfield>
    <subfield code="p">$33.24</subfield>
    <subfield code="r">N</subfield>
    <subfield code="s">Y</subfield>
    <subfield code="t">BOOK</subfield>
    <subfield code="u">12/11/1998</subfield>
    <subfield code="x">86</subfield>
    <subfield code="z">ADULT</subfield>
  </datafield>
  <datafield tag="999" ind1=" " ind2=" ">
    <subfield code="a">973.74 AA1UWA, SER.1,V.28,PT.1</subfield>
    <subfield code="w">DEWEY</subfield>
    <subfield code="c">1</subfield>
    <subfield code="i">31833000932407</subfield>
    <subfield code="d">12/11/1998</subfield>
    <subfield code="e">4/2/1992</subfield>
    <subfield code="l">GENEALOGY</subfield>
    <subfield code="m">GENEALOGY</subfield>
    <subfield code="p">$33.24</subfield>
    <subfield code="r">N</subfield>
    <subfield code="s">Y</subfield>
    <subfield code="t">BOOK</subfield>
    <subfield code="u">12/11/1998</subfield>
    <subfield code="x">86</subfield>
    <subfield code="z">ADULT</subfield>
  </datafield>
  <datafield tag="999" ind1=" " ind2=" ">
    <subfield code="a">973.74 AA1UWA, SER.1, V.28, PT.2</subfield>
    <subfield code="w">DEWEY</subfield>
    <subfield code="c">1</subfield>
    <subfield code="i">31833000915949</subfield>
    <subfield code="d">12/11/1998</subfield>
    <subfield code="e">3/26/1992</subfield>
    <subfield code="l">GENEALOGY</subfield>
    <subfield code="m">GENEALOGY</subfield>
    <subfield code="p">$33.24</subfield>
    <subfield code="r">N</subfield>
    <subfield code="s">Y</subfield>
    <subfield code="t">BOOK</subfield>
    <subfield code="u">12/11/1998</subfield>
    <subfield code="x">86</subfield>
    <subfield code="z">ADULT</subfield>
  </datafield>
  <datafield tag="999" ind1=" " ind2=" ">
    <subfield code="a">973.74 AA1UWA, SER.1, V.29, PT.1</subfield>
    <subfield code="w">DEWEY</subfield>
    <subfield code="c">1</subfield>
    <subfield code="i">31833023799650</subfield>
    <subfield code="d">12/11/1998</subfield>
    <subfield code="e">10/26/1993</subfield>
    <subfield code="l">GENEALOGY</subfield>
    <subfield code="m">GENEALOGY</subfield>
    <subfield code="p">$33.24</subfield>
    <subfield code="r">N</subfield>
    <subfield code="s">Y</subfield>
    <subfield code="t">BOOK</subfield>
    <subfield code="u">12/11/1998</subfield>
    <subfield code="x">86</subfield>
    <subfield code="z">ADULT</subfield>
  </datafield>
  <datafield tag="999" ind1=" " ind2=" ">
    <subfield code="a">973.74 AA1UWA, SER.1, V.29, PT.2</subfield>
    <subfield code="w">DEWEY</subfield>
    <subfield code="c">1</subfield>
    <subfield code="i">31833000915956</subfield>
    <subfield code="d">12/11/1998</subfield>
    <subfield code="e">3/26/1992</subfield>
    <subfield code="l">GENEALOGY</subfield>
    <subfield code="m">GENEALOGY</subfield>
    <subfield code="p">$33.24</subfield>
    <subfield code="r">N</subfield>
    <subfield code="s">Y</subfield>
    <subfield code="t">BOOK</subfield>
    <subfield code="u">12/11/1998</subfield>
    <subfield code="x">86</subfield>
    <subfield code="z">ADULT</subfield>
  </datafield>
  <datafield tag="999" ind1=" " ind2=" ">
    <subfield code="a">973.74 AA1UWA, SER.1, V.30, PART 1</subfield>
    <subfield code="w">DEWEY</subfield>
    <subfield code="c">1</subfield>
    <subfield code="i">31833015340661</subfield>
    <subfield code="d">12/11/1998</subfield>
    <subfield code="e">1/28/1992</subfield>
    <subfield code="l">GENEALOGY</subfield>
    <subfield code="m">GENEALOGY</subfield>
    <subfield code="p">$33.24</subfield>
    <subfield code="r">N</subfield>
    <subfield code="s">Y</subfield>
    <subfield code="t">BOOK</subfield>
    <subfield code="u">12/11/1998</subfield>
    <subfield code="x">86</subfield>
    <subfield code="z">ADULT</subfield>
  </datafield>
  <datafield tag="999" ind1=" " ind2=" ">
    <subfield code="a">973.74 AA1UWA, SERIES 1, V.30, PT.2</subfield>
    <subfield code="w">DEWEY</subfield>
    <subfield code="c">1</subfield>
    <subfield code="i">31833015656611</subfield>
    <subfield code="d">12/11/1998</subfield>
    <subfield code="e">2/27/1992</subfield>
    <subfield code="l">GENEALOGY</subfield>
    <subfield code="m">GENEALOGY</subfield>
    <subfield code="p">$33.24</subfield>
    <subfield code="r">N</subfield>
    <subfield code="s">Y</subfield>
    <subfield code="t">BOOK</subfield>
    <subfield code="u">12/11/1998</subfield>
    <subfield code="x">86</subfield>
    <subfield code="z">ADULT</subfield>
  </datafield>
  <datafield tag="999" ind1=" " ind2=" ">
    <subfield code="a">973.74 AA1UWA, SER.1, V.30, PT.3</subfield>
    <subfield code="w">DEWEY</subfield>
    <subfield code="c">1</subfield>
    <subfield code="i">31833000915964</subfield>
    <subfield code="d">12/11/1998</subfield>
    <subfield code="e">3/26/1992</subfield>
    <subfield code="l">GENEALOGY</subfield>
    <subfield code="m">GENEALOGY</subfield>
    <subfield code="p">$33.24</subfield>
    <subfield code="r">N</subfield>
    <subfield code="s">Y</subfield>
    <subfield code="t">BOOK</subfield>
    <subfield code="u">12/11/1998</subfield>
    <subfield code="x">86</subfield>
    <subfield code="z">ADULT</subfield>
  </datafield>
  <datafield tag="999" ind1=" " ind2=" ">
    <subfield code="a">973.74 AA1UWA, SER.1, V.30, PART 4</subfield>
    <subfield code="w">DEWEY</subfield>
    <subfield code="c">1</subfield>
    <subfield code="i">31833015340679</subfield>
    <subfield code="d">12/11/1998</subfield>
    <subfield code="e">1/28/1992</subfield>
    <subfield code="l">GENEALOGY</subfield>
    <subfield code="m">GENEALOGY</subfield>
    <subfield code="p">$33.24</subfield>
    <subfield code="r">N</subfield>
    <subfield code="s">Y</subfield>
    <subfield code="t">BOOK</subfield>
    <subfield code="u">12/11/1998</subfield>
    <subfield code="x">86</subfield>
    <subfield code="z">ADULT</subfield>
  </datafield>
  <datafield tag="999" ind1=" " ind2=" ">
    <subfield code="a">973.74 AA1UWA, SERIES 1, V.31, PT.1</subfield>
    <subfield code="w">DEWEY</subfield>
    <subfield code="c">1</subfield>
    <subfield code="i">31833015656629</subfield>
    <subfield code="d">12/11/1998</subfield>
    <subfield code="e">2/27/1992</subfield>
    <subfield code="l">GENEALOGY</subfield>
    <subfield code="m">GENEALOGY</subfield>
    <subfield code="p">$33.24</subfield>
    <subfield code="r">N</subfield>
    <subfield code="s">Y</subfield>
    <subfield code="t">BOOK</subfield>
    <subfield code="u">12/11/1998</subfield>
    <subfield code="x">86</subfield>
    <subfield code="z">ADULT</subfield>
  </datafield>
  <datafield tag="999" ind1=" " ind2=" ">
    <subfield code="a">973.74 AA1UWA, SER.1, V.31, PART 2</subfield>
    <subfield code="w">DEWEY</subfield>
    <subfield code="c">1</subfield>
    <subfield code="i">31833015340687</subfield>
    <subfield code="d">12/11/1998</subfield>
    <subfield code="e">1/28/1992</subfield>
    <subfield code="l">GENEALOGY</subfield>
    <subfield code="m">GENEALOGY</subfield>
    <subfield code="p">$33.24</subfield>
    <subfield code="r">N</subfield>
    <subfield code="s">Y</subfield>
    <subfield code="t">BOOK</subfield>
    <subfield code="u">12/11/1998</subfield>
    <subfield code="x">86</subfield>
    <subfield code="z">ADULT</subfield>
  </datafield>
  <datafield tag="999" ind1=" " ind2=" ">
    <subfield code="a">973.74 AA1UWA, SER.1, V.31, PART 3</subfield>
    <subfield code="w">DEWEY</subfield>
    <subfield code="c">1</subfield>
    <subfield code="i">31833015340695</subfield>
    <subfield code="d">12/11/1998</subfield>
    <subfield code="e">1/28/1992</subfield>
    <subfield code="l">GENEALOGY</subfield>
    <subfield code="m">GENEALOGY</subfield>
    <subfield code="p">$33.24</subfield>
    <subfield code="r">N</subfield>
    <subfield code="s">Y</subfield>
    <subfield code="t">BOOK</subfield>
    <subfield code="u">12/11/1998</subfield>
    <subfield code="x">86</subfield>
    <subfield code="z">ADULT</subfield>
  </datafield>
  <datafield tag="999" ind1=" " ind2=" ">
    <subfield code="a">973.74 AA1UWA, SER.1, V.32, PART 1</subfield>
    <subfield code="w">DEWEY</subfield>
    <subfield code="c">1</subfield>
    <subfield code="i">31833015340703</subfield>
    <subfield code="d">12/11/1998</subfield>
    <subfield code="e">1/28/1992</subfield>
    <subfield code="l">GENEALOGY</subfield>
    <subfield code="m">GENEALOGY</subfield>
    <subfield code="p">$33.24</subfield>
    <subfield code="r">N</subfield>
    <subfield code="s">Y</subfield>
    <subfield code="t">BOOK</subfield>
    <subfield code="u">12/11/1998</subfield>
    <subfield code="x">86</subfield>
    <subfield code="z">ADULT</subfield>
  </datafield>
  <datafield tag="999" ind1=" " ind2=" ">
    <subfield code="a">973.74 AA1UWA, SER.1, V.32, PART 2</subfield>
    <subfield code="w">DEWEY</subfield>
    <subfield code="c">1</subfield>
    <subfield code="i">31833015340711</subfield>
    <subfield code="d">12/11/1998</subfield>
    <subfield code="e">1/28/1992</subfield>
    <subfield code="l">GENEALOGY</subfield>
    <subfield code="m">GENEALOGY</subfield>
    <subfield code="p">$33.24</subfield>
    <subfield code="r">N</subfield>
    <subfield code="s">Y</subfield>
    <subfield code="t">BOOK</subfield>
    <subfield code="u">12/11/1998</subfield>
    <subfield code="x">86</subfield>
    <subfield code="z">ADULT</subfield>
  </datafield>
  <datafield tag="999" ind1=" " ind2=" ">
    <subfield code="a">973.74 AA1UWA, SER.1, V.32, PART 3</subfield>
    <subfield code="w">DEWEY</subfield>
    <subfield code="c">1</subfield>
    <subfield code="i">31833015340729</subfield>
    <subfield code="d">12/11/1998</subfield>
    <subfield code="e">1/28/1992</subfield>
    <subfield code="l">GENEALOGY</subfield>
    <subfield code="m">GENEALOGY</subfield>
    <subfield code="p">$33.24</subfield>
    <subfield code="r">N</subfield>
    <subfield code="s">Y</subfield>
    <subfield code="t">BOOK</subfield>
    <subfield code="u">12/11/1998</subfield>
    <subfield code="x">86</subfield>
    <subfield code="z">ADULT</subfield>
  </datafield>
  <datafield tag="999" ind1=" " ind2=" ">
    <subfield code="a">973.74 AA1UWA, SERIES 1, V.33</subfield>
    <subfield code="w">DEWEY</subfield>
    <subfield code="c">1</subfield>
    <subfield code="i">31833015656637</subfield>
    <subfield code="d">12/11/1998</subfield>
    <subfield code="e">2/27/1992</subfield>
    <subfield code="l">GENEALOGY</subfield>
    <subfield code="m">GENEALOGY</subfield>
    <subfield code="p">$33.24</subfield>
    <subfield code="r">N</subfield>
    <subfield code="s">Y</subfield>
    <subfield code="t">BOOK</subfield>
    <subfield code="u">12/11/1998</subfield>
    <subfield code="x">86</subfield>
    <subfield code="z">ADULT</subfield>
  </datafield>
  <datafield tag="999" ind1=" " ind2=" ">
    <subfield code="a">973.74 AA1UWA, SER.1, V.34, PART 1</subfield>
    <subfield code="w">DEWEY</subfield>
    <subfield code="c">1</subfield>
    <subfield code="i">31833015340737</subfield>
    <subfield code="d">12/11/1998</subfield>
    <subfield code="e">1/28/1992</subfield>
    <subfield code="l">GENEALOGY</subfield>
    <subfield code="m">GENEALOGY</subfield>
    <subfield code="p">$33.24</subfield>
    <subfield code="r">N</subfield>
    <subfield code="s">Y</subfield>
    <subfield code="t">BOOK</subfield>
    <subfield code="u">12/11/1998</subfield>
    <subfield code="x">86</subfield>
    <subfield code="z">ADULT</subfield>
  </datafield>
  <datafield tag="999" ind1=" " ind2=" ">
    <subfield code="a">973.74 AA1UWA, SER.1, V.34, PART 2</subfield>
    <subfield code="w">DEWEY</subfield>
    <subfield code="c">1</subfield>
    <subfield code="i">31833015340745</subfield>
    <subfield code="d">12/11/1998</subfield>
    <subfield code="e">1/28/1992</subfield>
    <subfield code="l">GENEALOGY</subfield>
    <subfield code="m">GENEALOGY</subfield>
    <subfield code="p">$33.24</subfield>
    <subfield code="r">N</subfield>
    <subfield code="s">Y</subfield>
    <subfield code="t">BOOK</subfield>
    <subfield code="u">12/11/1998</subfield>
    <subfield code="x">86</subfield>
    <subfield code="z">ADULT</subfield>
  </datafield>
  <datafield tag="999" ind1=" " ind2=" ">
    <subfield code="a">973.74 AA1UWA, SER.1, V.34, PT.3</subfield>
    <subfield code="w">DEWEY</subfield>
    <subfield code="c">1</subfield>
    <subfield code="i">31833000915972</subfield>
    <subfield code="d">12/11/1998</subfield>
    <subfield code="e">3/26/1992</subfield>
    <subfield code="l">GENEALOGY</subfield>
    <subfield code="m">GENEALOGY</subfield>
    <subfield code="p">$33.24</subfield>
    <subfield code="r">N</subfield>
    <subfield code="s">Y</subfield>
    <subfield code="t">BOOK</subfield>
    <subfield code="u">12/11/1998</subfield>
    <subfield code="x">86</subfield>
    <subfield code="z">ADULT</subfield>
  </datafield>
  <datafield tag="999" ind1=" " ind2=" ">
    <subfield code="a">973.74 AA1UWA, SER.1, V.34, PART 4</subfield>
    <subfield code="w">DEWEY</subfield>
    <subfield code="c">1</subfield>
    <subfield code="i">31833015340752</subfield>
    <subfield code="d">12/11/1998</subfield>
    <subfield code="e">1/28/1992</subfield>
    <subfield code="l">GENEALOGY</subfield>
    <subfield code="m">GENEALOGY</subfield>
    <subfield code="p">$33.24</subfield>
    <subfield code="r">N</subfield>
    <subfield code="s">Y</subfield>
    <subfield code="t">BOOK</subfield>
    <subfield code="u">12/11/1998</subfield>
    <subfield code="x">86</subfield>
    <subfield code="z">ADULT</subfield>
  </datafield>
  <datafield tag="999" ind1=" " ind2=" ">
    <subfield code="a">973.74 AA1UWA, SER.1, V.35, PART 1</subfield>
    <subfield code="w">DEWEY</subfield>
    <subfield code="c">1</subfield>
    <subfield code="i">31833015340760</subfield>
    <subfield code="d">12/11/1998</subfield>
    <subfield code="e">1/28/1992</subfield>
    <subfield code="l">GENEALOGY</subfield>
    <subfield code="m">GENEALOGY</subfield>
    <subfield code="p">$33.24</subfield>
    <subfield code="r">N</subfield>
    <subfield code="s">Y</subfield>
    <subfield code="t">BOOK</subfield>
    <subfield code="u">12/11/1998</subfield>
    <subfield code="x">86</subfield>
    <subfield code="z">ADULT</subfield>
  </datafield>
  <datafield tag="999" ind1=" " ind2=" ">
    <subfield code="a">973.74 AA1UWA, SER.1, V.35, PT.2</subfield>
    <subfield code="w">DEWEY</subfield>
    <subfield code="c">1</subfield>
    <subfield code="i">31833015340778</subfield>
    <subfield code="d">12/11/1998</subfield>
    <subfield code="e">1/28/1992</subfield>
    <subfield code="l">GENEALOGY</subfield>
    <subfield code="m">GENEALOGY</subfield>
    <subfield code="p">$33.24</subfield>
    <subfield code="r">N</subfield>
    <subfield code="s">Y</subfield>
    <subfield code="t">BOOK</subfield>
    <subfield code="u">12/11/1998</subfield>
    <subfield code="x">86</subfield>
    <subfield code="z">ADULT</subfield>
  </datafield>
  <datafield tag="999" ind1=" " ind2=" ">
    <subfield code="a">973.74 AA1UWA, SER.1, V.36, PART 1</subfield>
    <subfield code="w">DEWEY</subfield>
    <subfield code="c">1</subfield>
    <subfield code="i">31833015340786</subfield>
    <subfield code="d">12/11/1998</subfield>
    <subfield code="e">1/28/1992</subfield>
    <subfield code="l">GENEALOGY</subfield>
    <subfield code="m">GENEALOGY</subfield>
    <subfield code="p">$33.24</subfield>
    <subfield code="r">N</subfield>
    <subfield code="s">Y</subfield>
    <subfield code="t">BOOK</subfield>
    <subfield code="u">12/11/1998</subfield>
    <subfield code="x">86</subfield>
    <subfield code="z">ADULT</subfield>
  </datafield>
  <datafield tag="999" ind1=" " ind2=" ">
    <subfield code="a">973.74 AA1UWA, SER.1, V.36, PART 2</subfield>
    <subfield code="w">DEWEY</subfield>
    <subfield code="c">1</subfield>
    <subfield code="i">31833015340794</subfield>
    <subfield code="d">12/11/1998</subfield>
    <subfield code="e">1/28/1992</subfield>
    <subfield code="l">GENEALOGY</subfield>
    <subfield code="m">GENEALOGY</subfield>
    <subfield code="p">$33.24</subfield>
    <subfield code="r">N</subfield>
    <subfield code="s">Y</subfield>
    <subfield code="t">BOOK</subfield>
    <subfield code="u">12/11/1998</subfield>
    <subfield code="x">86</subfield>
    <subfield code="z">ADULT</subfield>
  </datafield>
  <datafield tag="999" ind1=" " ind2=" ">
    <subfield code="a">973.74 AA1UWA, SER.1, V.36, PART 3</subfield>
    <subfield code="w">DEWEY</subfield>
    <subfield code="c">1</subfield>
    <subfield code="i">31833015340802</subfield>
    <subfield code="d">12/11/1998</subfield>
    <subfield code="e">1/28/1992</subfield>
    <subfield code="l">GENEALOGY</subfield>
    <subfield code="m">GENEALOGY</subfield>
    <subfield code="p">$33.24</subfield>
    <subfield code="r">N</subfield>
    <subfield code="s">Y</subfield>
    <subfield code="t">BOOK</subfield>
    <subfield code="u">12/11/1998</subfield>
    <subfield code="x">86</subfield>
    <subfield code="z">ADULT</subfield>
  </datafield>
  <datafield tag="999" ind1=" " ind2=" ">
    <subfield code="a">973.74 AA1UWA, SER.1, V.37, PART 1</subfield>
    <subfield code="w">DEWEY</subfield>
    <subfield code="c">1</subfield>
    <subfield code="i">31833015340810</subfield>
    <subfield code="d">12/11/1998</subfield>
    <subfield code="e">1/28/1992</subfield>
    <subfield code="l">GENEALOGY</subfield>
    <subfield code="m">GENEALOGY</subfield>
    <subfield code="p">$33.24</subfield>
    <subfield code="r">N</subfield>
    <subfield code="s">Y</subfield>
    <subfield code="t">BOOK</subfield>
    <subfield code="u">12/11/1998</subfield>
    <subfield code="x">86</subfield>
    <subfield code="z">ADULT</subfield>
  </datafield>
  <datafield tag="999" ind1=" " ind2=" ">
    <subfield code="a">973.74 AA1UWA, SER.1, V.37, PART 2</subfield>
    <subfield code="w">DEWEY</subfield>
    <subfield code="c">1</subfield>
    <subfield code="i">31833015340828</subfield>
    <subfield code="d">12/11/1998</subfield>
    <subfield code="e">1/28/1992</subfield>
    <subfield code="l">GENEALOGY</subfield>
    <subfield code="m">GENEALOGY</subfield>
    <subfield code="p">$33.24</subfield>
    <subfield code="r">N</subfield>
    <subfield code="s">Y</subfield>
    <subfield code="t">BOOK</subfield>
    <subfield code="u">12/11/1998</subfield>
    <subfield code="x">86</subfield>
    <subfield code="z">ADULT</subfield>
  </datafield>
  <datafield tag="999" ind1=" " ind2=" ">
    <subfield code="a">973.74 AA1UWA, SERIES 1, V.38, PT.1</subfield>
    <subfield code="w">DEWEY</subfield>
    <subfield code="c">1</subfield>
    <subfield code="i">31833015656645</subfield>
    <subfield code="d">12/11/1998</subfield>
    <subfield code="e">2/27/1992</subfield>
    <subfield code="l">GENEALOGY</subfield>
    <subfield code="m">GENEALOGY</subfield>
    <subfield code="p">$33.24</subfield>
    <subfield code="r">N</subfield>
    <subfield code="s">Y</subfield>
    <subfield code="t">BOOK</subfield>
    <subfield code="u">12/11/1998</subfield>
    <subfield code="x">86</subfield>
    <subfield code="z">ADULT</subfield>
  </datafield>
  <datafield tag="999" ind1=" " ind2=" ">
    <subfield code="a">973.74 AA1UWA, SER.1, V.38, PT.2</subfield>
    <subfield code="w">DEWEY</subfield>
    <subfield code="c">1</subfield>
    <subfield code="i">31833000915980</subfield>
    <subfield code="d">12/11/1998</subfield>
    <subfield code="e">3/26/1992</subfield>
    <subfield code="l">GENEALOGY</subfield>
    <subfield code="m">GENEALOGY</subfield>
    <subfield code="p">$33.24</subfield>
    <subfield code="r">N</subfield>
    <subfield code="s">Y</subfield>
    <subfield code="t">BOOK</subfield>
    <subfield code="u">12/11/1998</subfield>
    <subfield code="x">86</subfield>
    <subfield code="z">ADULT</subfield>
  </datafield>
  <datafield tag="999" ind1=" " ind2=" ">
    <subfield code="a">973.74 AA1UWA, SER.1, V.38, PART 3</subfield>
    <subfield code="w">DEWEY</subfield>
    <subfield code="c">1</subfield>
    <subfield code="i">31833015340836</subfield>
    <subfield code="d">12/11/1998</subfield>
    <subfield code="e">1/28/1992</subfield>
    <subfield code="l">GENEALOGY</subfield>
    <subfield code="m">GENEALOGY</subfield>
    <subfield code="p">$33.24</subfield>
    <subfield code="r">N</subfield>
    <subfield code="s">Y</subfield>
    <subfield code="t">BOOK</subfield>
    <subfield code="u">12/11/1998</subfield>
    <subfield code="x">86</subfield>
    <subfield code="z">ADULT</subfield>
  </datafield>
  <datafield tag="999" ind1=" " ind2=" ">
    <subfield code="a">973.74 AA1UWA, SERIES 1, V.38, PT.4</subfield>
    <subfield code="w">DEWEY</subfield>
    <subfield code="c">1</subfield>
    <subfield code="i">31833015656652</subfield>
    <subfield code="d">12/11/1998</subfield>
    <subfield code="e">2/27/1992</subfield>
    <subfield code="l">GENEALOGY</subfield>
    <subfield code="m">GENEALOGY</subfield>
    <subfield code="p">$33.24</subfield>
    <subfield code="r">N</subfield>
    <subfield code="s">Y</subfield>
    <subfield code="t">BOOK</subfield>
    <subfield code="u">12/11/1998</subfield>
    <subfield code="x">86</subfield>
    <subfield code="z">ADULT</subfield>
  </datafield>
  <datafield tag="999" ind1=" " ind2=" ">
    <subfield code="a">973.74 AA1UWA, SER.1, V.38, PART 5</subfield>
    <subfield code="w">DEWEY</subfield>
    <subfield code="c">1</subfield>
    <subfield code="i">31833015340844</subfield>
    <subfield code="d">12/11/1998</subfield>
    <subfield code="e">1/28/1992</subfield>
    <subfield code="l">GENEALOGY</subfield>
    <subfield code="m">GENEALOGY</subfield>
    <subfield code="p">$33.24</subfield>
    <subfield code="r">N</subfield>
    <subfield code="s">Y</subfield>
    <subfield code="t">BOOK</subfield>
    <subfield code="u">12/11/1998</subfield>
    <subfield code="x">86</subfield>
    <subfield code="z">ADULT</subfield>
  </datafield>
  <datafield tag="999" ind1=" " ind2=" ">
    <subfield code="a">973.74 AA1UWA, SER.1, V.39, PT.1</subfield>
    <subfield code="w">DEWEY</subfield>
    <subfield code="c">1</subfield>
    <subfield code="i">31833015340851</subfield>
    <subfield code="d">12/11/1998</subfield>
    <subfield code="e">1/28/1992</subfield>
    <subfield code="l">GENEALOGY</subfield>
    <subfield code="m">GENEALOGY</subfield>
    <subfield code="p">$33.24</subfield>
    <subfield code="r">N</subfield>
    <subfield code="s">Y</subfield>
    <subfield code="t">BOOK</subfield>
    <subfield code="u">12/11/1998</subfield>
    <subfield code="x">86</subfield>
    <subfield code="z">ADULT</subfield>
  </datafield>
  <datafield tag="999" ind1=" " ind2=" ">
    <subfield code="a">973.74 AA1UWA, SER.1, V.39, PART 2</subfield>
    <subfield code="w">DEWEY</subfield>
    <subfield code="c">1</subfield>
    <subfield code="i">31833015340869</subfield>
    <subfield code="d">12/11/1998</subfield>
    <subfield code="e">1/28/1992</subfield>
    <subfield code="l">GENEALOGY</subfield>
    <subfield code="m">GENEALOGY</subfield>
    <subfield code="p">$33.24</subfield>
    <subfield code="r">N</subfield>
    <subfield code="s">Y</subfield>
    <subfield code="t">BOOK</subfield>
    <subfield code="u">12/11/1998</subfield>
    <subfield code="x">86</subfield>
    <subfield code="z">ADULT</subfield>
  </datafield>
  <datafield tag="999" ind1=" " ind2=" ">
    <subfield code="a">973.74 AA1UWA, SER.1, V.1</subfield>
    <subfield code="w">DEWEY</subfield>
    <subfield code="c">1</subfield>
    <subfield code="i">31833015340562</subfield>
    <subfield code="d">12/11/1998</subfield>
    <subfield code="e">1/28/1992</subfield>
    <subfield code="l">GENEALOGY</subfield>
    <subfield code="m">GENEALOGY</subfield>
    <subfield code="p">$33.24</subfield>
    <subfield code="r">N</subfield>
    <subfield code="s">Y</subfield>
    <subfield code="t">BOOK</subfield>
    <subfield code="u">12/11/1998</subfield>
    <subfield code="x">86</subfield>
    <subfield code="z">ADULT</subfield>
  </datafield>
  <datafield tag="999" ind1=" " ind2=" ">
    <subfield code="a">973.74 AA1UWA, SER.1, V.39, PART 3</subfield>
    <subfield code="w">DEWEY</subfield>
    <subfield code="c">1</subfield>
    <subfield code="i">31833015340877</subfield>
    <subfield code="d">12/11/1998</subfield>
    <subfield code="e">1/28/1992</subfield>
    <subfield code="l">GENEALOGY</subfield>
    <subfield code="m">GENEALOGY</subfield>
    <subfield code="p">$33.24</subfield>
    <subfield code="r">N</subfield>
    <subfield code="s">Y</subfield>
    <subfield code="t">BOOK</subfield>
    <subfield code="u">12/11/1998</subfield>
    <subfield code="x">86</subfield>
    <subfield code="z">ADULT</subfield>
  </datafield>
  <datafield tag="999" ind1=" " ind2=" ">
    <subfield code="a">973.74 AA1UWA, SER.1,V.12,PT.1</subfield>
    <subfield code="w">DEWEY</subfield>
    <subfield code="c">1</subfield>
    <subfield code="i">31833000915881</subfield>
    <subfield code="d">12/11/1998</subfield>
    <subfield code="e">3/26/1992</subfield>
    <subfield code="l">GENEALOGY</subfield>
    <subfield code="m">GENEALOGY</subfield>
    <subfield code="p">$33.24</subfield>
    <subfield code="r">N</subfield>
    <subfield code="s">Y</subfield>
    <subfield code="t">BOOK</subfield>
    <subfield code="u">12/11/1998</subfield>
    <subfield code="x">86</subfield>
    <subfield code="z">ADULT</subfield>
  </datafield>
  <datafield tag="999" ind1=" " ind2=" ">
    <subfield code="a">973.74 AA1UWA, SER.1, V.40, PART 1</subfield>
    <subfield code="w">DEWEY</subfield>
    <subfield code="c">1</subfield>
    <subfield code="i">31833015340885</subfield>
    <subfield code="d">12/11/1998</subfield>
    <subfield code="e">1/28/1992</subfield>
    <subfield code="l">GENEALOGY</subfield>
    <subfield code="m">GENEALOGY</subfield>
    <subfield code="p">$33.24</subfield>
    <subfield code="r">N</subfield>
    <subfield code="s">Y</subfield>
    <subfield code="t">BOOK</subfield>
    <subfield code="u">12/11/1998</subfield>
    <subfield code="x">86</subfield>
    <subfield code="z">ADULT</subfield>
  </datafield>
  <datafield tag="999" ind1=" " ind2=" ">
    <subfield code="a">973.74 AA1UWA, SERIES 1, V.40, PT.2</subfield>
    <subfield code="w">DEWEY</subfield>
    <subfield code="c">1</subfield>
    <subfield code="i">31833015656660</subfield>
    <subfield code="d">12/11/1998</subfield>
    <subfield code="e">2/27/1992</subfield>
    <subfield code="l">GENEALOGY</subfield>
    <subfield code="m">GENEALOGY</subfield>
    <subfield code="p">$33.24</subfield>
    <subfield code="r">N</subfield>
    <subfield code="s">Y</subfield>
    <subfield code="t">BOOK</subfield>
    <subfield code="u">12/11/1998</subfield>
    <subfield code="x">86</subfield>
    <subfield code="z">ADULT</subfield>
  </datafield>
  <datafield tag="999" ind1=" " ind2=" ">
    <subfield code="a">973.74 AA1UWA, SER.1, V.40, PT.3</subfield>
    <subfield code="w">DEWEY</subfield>
    <subfield code="c">1</subfield>
    <subfield code="i">31833015340893</subfield>
    <subfield code="d">12/11/1998</subfield>
    <subfield code="e">1/28/1992</subfield>
    <subfield code="l">GENEALOGY</subfield>
    <subfield code="m">GENEALOGY</subfield>
    <subfield code="p">$33.24</subfield>
    <subfield code="r">N</subfield>
    <subfield code="s">Y</subfield>
    <subfield code="t">BOOK</subfield>
    <subfield code="u">12/11/1998</subfield>
    <subfield code="x">86</subfield>
    <subfield code="z">ADULT</subfield>
  </datafield>
  <datafield tag="999" ind1=" " ind2=" ">
    <subfield code="a">973.74 AA1UWA, SER.1, V.41, PART 1</subfield>
    <subfield code="w">DEWEY</subfield>
    <subfield code="c">1</subfield>
    <subfield code="i">31833015340901</subfield>
    <subfield code="d">12/11/1998</subfield>
    <subfield code="e">1/28/1992</subfield>
    <subfield code="l">GENEALOGY</subfield>
    <subfield code="m">GENEALOGY</subfield>
    <subfield code="p">$33.24</subfield>
    <subfield code="r">N</subfield>
    <subfield code="s">Y</subfield>
    <subfield code="t">BOOK</subfield>
    <subfield code="u">12/11/1998</subfield>
    <subfield code="x">86</subfield>
    <subfield code="z">ADULT</subfield>
  </datafield>
  <datafield tag="999" ind1=" " ind2=" ">
    <subfield code="a">973.74 AA1UWA, SER.1, V.41, PART 2</subfield>
    <subfield code="w">DEWEY</subfield>
    <subfield code="c">1</subfield>
    <subfield code="i">31833015340919</subfield>
    <subfield code="d">12/11/1998</subfield>
    <subfield code="e">1/28/1992</subfield>
    <subfield code="l">GENEALOGY</subfield>
    <subfield code="m">GENEALOGY</subfield>
    <subfield code="p">$33.24</subfield>
    <subfield code="r">N</subfield>
    <subfield code="s">Y</subfield>
    <subfield code="t">BOOK</subfield>
    <subfield code="u">12/11/1998</subfield>
    <subfield code="x">86</subfield>
    <subfield code="z">ADULT</subfield>
  </datafield>
  <datafield tag="999" ind1=" " ind2=" ">
    <subfield code="a">973.74 AA1UWA, SER.1, V.41, PART 3</subfield>
    <subfield code="w">DEWEY</subfield>
    <subfield code="c">1</subfield>
    <subfield code="i">31833015340927</subfield>
    <subfield code="d">12/11/1998</subfield>
    <subfield code="e">1/28/1992</subfield>
    <subfield code="l">GENEALOGY</subfield>
    <subfield code="m">GENEALOGY</subfield>
    <subfield code="p">$33.24</subfield>
    <subfield code="r">N</subfield>
    <subfield code="s">Y</subfield>
    <subfield code="t">BOOK</subfield>
    <subfield code="u">12/11/1998</subfield>
    <subfield code="x">86</subfield>
    <subfield code="z">ADULT</subfield>
  </datafield>
  <datafield tag="999" ind1=" " ind2=" ">
    <subfield code="a">973.74 AA1UWA, SER.1, V.41, PART 4</subfield>
    <subfield code="w">DEWEY</subfield>
    <subfield code="c">1</subfield>
    <subfield code="i">31833015340935</subfield>
    <subfield code="d">12/11/1998</subfield>
    <subfield code="e">1/28/1992</subfield>
    <subfield code="l">GENEALOGY</subfield>
    <subfield code="m">GENEALOGY</subfield>
    <subfield code="p">$33.24</subfield>
    <subfield code="r">N</subfield>
    <subfield code="s">Y</subfield>
    <subfield code="t">BOOK</subfield>
    <subfield code="u">12/11/1998</subfield>
    <subfield code="x">86</subfield>
    <subfield code="z">ADULT</subfield>
  </datafield>
  <datafield tag="999" ind1=" " ind2=" ">
    <subfield code="a">973.74 AA1UWA, SER.1, V.42, PT.1</subfield>
    <subfield code="w">DEWEY</subfield>
    <subfield code="c">1</subfield>
    <subfield code="i">31833000915998</subfield>
    <subfield code="d">12/11/1998</subfield>
    <subfield code="e">3/26/1992</subfield>
    <subfield code="l">GENEALOGY</subfield>
    <subfield code="m">GENEALOGY</subfield>
    <subfield code="p">$33.24</subfield>
    <subfield code="r">N</subfield>
    <subfield code="s">Y</subfield>
    <subfield code="t">BOOK</subfield>
    <subfield code="u">12/11/1998</subfield>
    <subfield code="x">86</subfield>
    <subfield code="z">ADULT</subfield>
  </datafield>
  <datafield tag="999" ind1=" " ind2=" ">
    <subfield code="a">973.74 AA1UWA, SER.1, V.42, PT.2</subfield>
    <subfield code="w">DEWEY</subfield>
    <subfield code="c">1</subfield>
    <subfield code="i">31833023799668</subfield>
    <subfield code="d">12/11/1998</subfield>
    <subfield code="e">10/26/1993</subfield>
    <subfield code="l">GENEALOGY</subfield>
    <subfield code="m">GENEALOGY</subfield>
    <subfield code="p">$33.24</subfield>
    <subfield code="r">N</subfield>
    <subfield code="s">Y</subfield>
    <subfield code="t">BOOK</subfield>
    <subfield code="u">12/11/1998</subfield>
    <subfield code="x">86</subfield>
    <subfield code="z">ADULT</subfield>
  </datafield>
  <datafield tag="999" ind1=" " ind2=" ">
    <subfield code="a">973.74 AA1UWA, SER.1, V.42, PT.3</subfield>
    <subfield code="w">DEWEY</subfield>
    <subfield code="c">1</subfield>
    <subfield code="i">31833000916004</subfield>
    <subfield code="d">12/11/1998</subfield>
    <subfield code="e">3/26/1992</subfield>
    <subfield code="l">GENEALOGY</subfield>
    <subfield code="m">GENEALOGY</subfield>
    <subfield code="p">$33.24</subfield>
    <subfield code="r">N</subfield>
    <subfield code="s">Y</subfield>
    <subfield code="t">BOOK</subfield>
    <subfield code="u">12/11/1998</subfield>
    <subfield code="x">86</subfield>
    <subfield code="z">ADULT</subfield>
  </datafield>
  <datafield tag="999" ind1=" " ind2=" ">
    <subfield code="a">973.74 AA1UWA, SER.1, V.43, PART 1</subfield>
    <subfield code="w">DEWEY</subfield>
    <subfield code="c">1</subfield>
    <subfield code="i">31833015340943</subfield>
    <subfield code="d">12/11/1998</subfield>
    <subfield code="e">1/28/1992</subfield>
    <subfield code="l">GENEALOGY</subfield>
    <subfield code="m">GENEALOGY</subfield>
    <subfield code="p">$33.24</subfield>
    <subfield code="r">N</subfield>
    <subfield code="s">Y</subfield>
    <subfield code="t">BOOK</subfield>
    <subfield code="u">12/11/1998</subfield>
    <subfield code="x">86</subfield>
    <subfield code="z">ADULT</subfield>
  </datafield>
  <datafield tag="999" ind1=" " ind2=" ">
    <subfield code="a">973.74 AA1UWA, SER.1, V.43, PT.2</subfield>
    <subfield code="w">DEWEY</subfield>
    <subfield code="c">1</subfield>
    <subfield code="i">31833000916012</subfield>
    <subfield code="d">12/11/1998</subfield>
    <subfield code="e">3/26/1992</subfield>
    <subfield code="l">GENEALOGY</subfield>
    <subfield code="m">GENEALOGY</subfield>
    <subfield code="p">$33.24</subfield>
    <subfield code="r">N</subfield>
    <subfield code="s">Y</subfield>
    <subfield code="t">BOOK</subfield>
    <subfield code="u">12/11/1998</subfield>
    <subfield code="x">86</subfield>
    <subfield code="z">ADULT</subfield>
  </datafield>
  <datafield tag="999" ind1=" " ind2=" ">
    <subfield code="a">973.74 AA1UWA, SER.1, V.44</subfield>
    <subfield code="w">DEWEY</subfield>
    <subfield code="c">1</subfield>
    <subfield code="i">31833015340950</subfield>
    <subfield code="d">12/11/1998</subfield>
    <subfield code="e">1/28/1992</subfield>
    <subfield code="l">GENEALOGY</subfield>
    <subfield code="m">GENEALOGY</subfield>
    <subfield code="p">$33.24</subfield>
    <subfield code="r">N</subfield>
    <subfield code="s">Y</subfield>
    <subfield code="t">BOOK</subfield>
    <subfield code="u">12/11/1998</subfield>
    <subfield code="x">86</subfield>
    <subfield code="z">ADULT</subfield>
  </datafield>
  <datafield tag="999" ind1=" " ind2=" ">
    <subfield code="a">973.74 AA1UWA, SER.1, V.45, PART 1</subfield>
    <subfield code="w">DEWEY</subfield>
    <subfield code="c">1</subfield>
    <subfield code="i">31833015340968</subfield>
    <subfield code="d">12/11/1998</subfield>
    <subfield code="e">1/28/1992</subfield>
    <subfield code="l">GENEALOGY</subfield>
    <subfield code="m">GENEALOGY</subfield>
    <subfield code="p">$33.24</subfield>
    <subfield code="r">N</subfield>
    <subfield code="s">Y</subfield>
    <subfield code="t">BOOK</subfield>
    <subfield code="u">12/11/1998</subfield>
    <subfield code="x">86</subfield>
    <subfield code="z">ADULT</subfield>
  </datafield>
  <datafield tag="999" ind1=" " ind2=" ">
    <subfield code="a">973.74 AA1UWA, SER.1, V.45, PART 2</subfield>
    <subfield code="w">DEWEY</subfield>
    <subfield code="c">1</subfield>
    <subfield code="i">31833015340976</subfield>
    <subfield code="d">12/11/1998</subfield>
    <subfield code="e">1/28/1992</subfield>
    <subfield code="l">GENEALOGY</subfield>
    <subfield code="m">GENEALOGY</subfield>
    <subfield code="p">$33.24</subfield>
    <subfield code="r">N</subfield>
    <subfield code="s">Y</subfield>
    <subfield code="t">BOOK</subfield>
    <subfield code="u">12/11/1998</subfield>
    <subfield code="x">86</subfield>
    <subfield code="z">ADULT</subfield>
  </datafield>
  <datafield tag="999" ind1=" " ind2=" ">
    <subfield code="a">973.74 AA1UWA, SER.1, V.46, PT.1</subfield>
    <subfield code="w">DEWEY</subfield>
    <subfield code="c">1</subfield>
    <subfield code="i">31833023799676</subfield>
    <subfield code="d">12/11/1998</subfield>
    <subfield code="e">10/26/1993</subfield>
    <subfield code="l">GENEALOGY</subfield>
    <subfield code="m">GENEALOGY</subfield>
    <subfield code="p">$33.24</subfield>
    <subfield code="r">N</subfield>
    <subfield code="s">Y</subfield>
    <subfield code="t">BOOK</subfield>
    <subfield code="u">12/11/1998</subfield>
    <subfield code="x">86</subfield>
    <subfield code="z">ADULT</subfield>
  </datafield>
  <datafield tag="999" ind1=" " ind2=" ">
    <subfield code="a">973.74 AA1UWA, SER.1, V.46, PART 2</subfield>
    <subfield code="w">DEWEY</subfield>
    <subfield code="c">1</subfield>
    <subfield code="i">31833015340984</subfield>
    <subfield code="d">12/11/1998</subfield>
    <subfield code="e">1/28/1992</subfield>
    <subfield code="l">GENEALOGY</subfield>
    <subfield code="m">GENEALOGY</subfield>
    <subfield code="p">$33.24</subfield>
    <subfield code="r">N</subfield>
    <subfield code="s">Y</subfield>
    <subfield code="t">BOOK</subfield>
    <subfield code="u">12/11/1998</subfield>
    <subfield code="x">86</subfield>
    <subfield code="z">ADULT</subfield>
  </datafield>
  <datafield tag="999" ind1=" " ind2=" ">
    <subfield code="a">973.74 AA1UWA, SERIES 1, V.46, PT.3</subfield>
    <subfield code="w">DEWEY</subfield>
    <subfield code="c">1</subfield>
    <subfield code="i">31833015656678</subfield>
    <subfield code="d">12/11/1998</subfield>
    <subfield code="e">2/27/1992</subfield>
    <subfield code="l">GENEALOGY</subfield>
    <subfield code="m">GENEALOGY</subfield>
    <subfield code="p">$33.24</subfield>
    <subfield code="r">N</subfield>
    <subfield code="s">Y</subfield>
    <subfield code="t">BOOK</subfield>
    <subfield code="u">12/11/1998</subfield>
    <subfield code="x">86</subfield>
    <subfield code="z">ADULT</subfield>
  </datafield>
  <datafield tag="999" ind1=" " ind2=" ">
    <subfield code="a">973.74 AA1UWA, SER.1, V.47, PART 1</subfield>
    <subfield code="w">DEWEY</subfield>
    <subfield code="c">1</subfield>
    <subfield code="i">31833015340992</subfield>
    <subfield code="d">12/11/1998</subfield>
    <subfield code="e">1/28/1992</subfield>
    <subfield code="l">GENEALOGY</subfield>
    <subfield code="m">GENEALOGY</subfield>
    <subfield code="p">$33.24</subfield>
    <subfield code="r">N</subfield>
    <subfield code="s">Y</subfield>
    <subfield code="t">BOOK</subfield>
    <subfield code="u">12/11/1998</subfield>
    <subfield code="x">86</subfield>
    <subfield code="z">ADULT</subfield>
  </datafield>
  <datafield tag="999" ind1=" " ind2=" ">
    <subfield code="a">973.74 AA1UWA, SERIES 1, V.47, PT.2</subfield>
    <subfield code="w">DEWEY</subfield>
    <subfield code="c">1</subfield>
    <subfield code="i">31833015656686</subfield>
    <subfield code="d">12/11/1998</subfield>
    <subfield code="e">2/27/1992</subfield>
    <subfield code="l">GENEALOGY</subfield>
    <subfield code="m">GENEALOGY</subfield>
    <subfield code="p">$33.24</subfield>
    <subfield code="r">N</subfield>
    <subfield code="s">Y</subfield>
    <subfield code="t">BOOK</subfield>
    <subfield code="u">12/11/1998</subfield>
    <subfield code="x">86</subfield>
    <subfield code="z">ADULT</subfield>
  </datafield>
  <datafield tag="999" ind1=" " ind2=" ">
    <subfield code="a">973.74 AA1UWA, SER.1, V.47, PT.3</subfield>
    <subfield code="w">DEWEY</subfield>
    <subfield code="c">1</subfield>
    <subfield code="i">31833023799684</subfield>
    <subfield code="d">12/11/1998</subfield>
    <subfield code="e">10/26/1993</subfield>
    <subfield code="l">GENEALOGY</subfield>
    <subfield code="m">GENEALOGY</subfield>
    <subfield code="p">$33.24</subfield>
    <subfield code="r">N</subfield>
    <subfield code="s">Y</subfield>
    <subfield code="t">BOOK</subfield>
    <subfield code="u">12/11/1998</subfield>
    <subfield code="x">86</subfield>
    <subfield code="z">ADULT</subfield>
  </datafield>
  <datafield tag="999" ind1=" " ind2=" ">
    <subfield code="a">973.74 AA1UWA, SERIES 1, V.48, PT.1</subfield>
    <subfield code="w">DEWEY</subfield>
    <subfield code="c">1</subfield>
    <subfield code="i">31833015656694</subfield>
    <subfield code="d">12/11/1998</subfield>
    <subfield code="e">2/27/1992</subfield>
    <subfield code="l">GENEALOGY</subfield>
    <subfield code="m">GENEALOGY</subfield>
    <subfield code="p">$33.24</subfield>
    <subfield code="r">N</subfield>
    <subfield code="s">Y</subfield>
    <subfield code="t">BOOK</subfield>
    <subfield code="u">12/11/1998</subfield>
    <subfield code="x">86</subfield>
    <subfield code="z">ADULT</subfield>
  </datafield>
  <datafield tag="999" ind1=" " ind2=" ">
    <subfield code="a">973.74 AA1UWA, SER.1, V.48, PT.2</subfield>
    <subfield code="w">DEWEY</subfield>
    <subfield code="c">1</subfield>
    <subfield code="i">31833000916020</subfield>
    <subfield code="d">12/11/1998</subfield>
    <subfield code="e">3/26/1992</subfield>
    <subfield code="l">GENEALOGY</subfield>
    <subfield code="m">GENEALOGY</subfield>
    <subfield code="p">$33.24</subfield>
    <subfield code="r">N</subfield>
    <subfield code="s">Y</subfield>
    <subfield code="t">BOOK</subfield>
    <subfield code="u">12/11/1998</subfield>
    <subfield code="x">86</subfield>
    <subfield code="z">ADULT</subfield>
  </datafield>
  <datafield tag="999" ind1=" " ind2=" ">
    <subfield code="a">973.74 AA1UWA, SER.1, V.49, PART 1</subfield>
    <subfield code="w">DEWEY</subfield>
    <subfield code="c">1</subfield>
    <subfield code="i">31833015341008</subfield>
    <subfield code="d">12/11/1998</subfield>
    <subfield code="e">1/28/1992</subfield>
    <subfield code="l">GENEALOGY</subfield>
    <subfield code="m">GENEALOGY</subfield>
    <subfield code="p">$33.24</subfield>
    <subfield code="r">N</subfield>
    <subfield code="s">Y</subfield>
    <subfield code="t">BOOK</subfield>
    <subfield code="u">12/11/1998</subfield>
    <subfield code="x">86</subfield>
    <subfield code="z">ADULT</subfield>
  </datafield>
  <datafield tag="999" ind1=" " ind2=" ">
    <subfield code="a">973.74 AA1UWA, SER.1, V.49, PART 2</subfield>
    <subfield code="w">DEWEY</subfield>
    <subfield code="c">1</subfield>
    <subfield code="i">31833015341016</subfield>
    <subfield code="d">12/11/1998</subfield>
    <subfield code="e">1/28/1992</subfield>
    <subfield code="l">GENEALOGY</subfield>
    <subfield code="m">GENEALOGY</subfield>
    <subfield code="p">$33.24</subfield>
    <subfield code="r">N</subfield>
    <subfield code="s">Y</subfield>
    <subfield code="t">BOOK</subfield>
    <subfield code="u">12/11/1998</subfield>
    <subfield code="x">86</subfield>
    <subfield code="z">ADULT</subfield>
  </datafield>
  <datafield tag="999" ind1=" " ind2=" ">
    <subfield code="a">973.74 AA1UWA, SERIES 1, V.53</subfield>
    <subfield code="w">DEWEY</subfield>
    <subfield code="c">1</subfield>
    <subfield code="i">31833015656702</subfield>
    <subfield code="d">12/11/1998</subfield>
    <subfield code="e">2/27/1992</subfield>
    <subfield code="l">GENEALOGY</subfield>
    <subfield code="m">GENEALOGY</subfield>
    <subfield code="p">$33.24</subfield>
    <subfield code="r">N</subfield>
    <subfield code="s">Y</subfield>
    <subfield code="t">BOOK</subfield>
    <subfield code="u">12/11/1998</subfield>
    <subfield code="x">86</subfield>
    <subfield code="z">ADULT</subfield>
  </datafield>
  <datafield tag="999" ind1=" " ind2=" ">
    <subfield code="a">973.74 AA1UWA, SER.2, V.2</subfield>
    <subfield code="w">DEWEY</subfield>
    <subfield code="c">1</subfield>
    <subfield code="i">31833015341024</subfield>
    <subfield code="d">12/11/1998</subfield>
    <subfield code="e">1/28/1992</subfield>
    <subfield code="l">GENEALOGY</subfield>
    <subfield code="m">GENEALOGY</subfield>
    <subfield code="p">$33.24</subfield>
    <subfield code="r">N</subfield>
    <subfield code="s">Y</subfield>
    <subfield code="t">BOOK</subfield>
    <subfield code="u">12/11/1998</subfield>
    <subfield code="x">86</subfield>
    <subfield code="z">ADULT</subfield>
  </datafield>
  <datafield tag="999" ind1=" " ind2=" ">
    <subfield code="a">973.74 AA1UWA, SER.2, V.3</subfield>
    <subfield code="w">DEWEY</subfield>
    <subfield code="c">1</subfield>
    <subfield code="i">31833015341032</subfield>
    <subfield code="d">12/11/1998</subfield>
    <subfield code="e">1/28/1992</subfield>
    <subfield code="l">GENEALOGY</subfield>
    <subfield code="m">GENEALOGY</subfield>
    <subfield code="p">$33.24</subfield>
    <subfield code="r">N</subfield>
    <subfield code="s">Y</subfield>
    <subfield code="t">BOOK</subfield>
    <subfield code="u">12/11/1998</subfield>
    <subfield code="x">86</subfield>
    <subfield code="z">ADULT</subfield>
  </datafield>
  <datafield tag="999" ind1=" " ind2=" ">
    <subfield code="a">973.74 AA1UWA, SER.2, V.4</subfield>
    <subfield code="w">DEWEY</subfield>
    <subfield code="c">1</subfield>
    <subfield code="i">31833015341040</subfield>
    <subfield code="d">12/11/1998</subfield>
    <subfield code="e">1/28/1992</subfield>
    <subfield code="l">GENEALOGY</subfield>
    <subfield code="m">GENEALOGY</subfield>
    <subfield code="p">$33.24</subfield>
    <subfield code="r">N</subfield>
    <subfield code="s">Y</subfield>
    <subfield code="t">BOOK</subfield>
    <subfield code="u">12/11/1998</subfield>
    <subfield code="x">86</subfield>
    <subfield code="z">ADULT</subfield>
  </datafield>
  <datafield tag="999" ind1=" " ind2=" ">
    <subfield code="a">973.74 AA1UWA, SER.2, V.5</subfield>
    <subfield code="w">DEWEY</subfield>
    <subfield code="c">1</subfield>
    <subfield code="i">31833015341057</subfield>
    <subfield code="d">12/11/1998</subfield>
    <subfield code="e">1/28/1992</subfield>
    <subfield code="l">GENEALOGY</subfield>
    <subfield code="m">GENEALOGY</subfield>
    <subfield code="p">$33.24</subfield>
    <subfield code="r">N</subfield>
    <subfield code="s">Y</subfield>
    <subfield code="t">BOOK</subfield>
    <subfield code="u">12/11/1998</subfield>
    <subfield code="x">86</subfield>
    <subfield code="z">ADULT</subfield>
  </datafield>
  <datafield tag="999" ind1=" " ind2=" ">
    <subfield code="a">973.74 AA1UWA, SER.2, V.6</subfield>
    <subfield code="w">DEWEY</subfield>
    <subfield code="c">1</subfield>
    <subfield code="i">31833015341065</subfield>
    <subfield code="d">12/11/1998</subfield>
    <subfield code="e">1/28/1992</subfield>
    <subfield code="l">GENEALOGY</subfield>
    <subfield code="m">GENEALOGY</subfield>
    <subfield code="p">$33.24</subfield>
    <subfield code="r">N</subfield>
    <subfield code="s">Y</subfield>
    <subfield code="t">BOOK</subfield>
    <subfield code="u">12/11/1998</subfield>
    <subfield code="x">86</subfield>
    <subfield code="z">ADULT</subfield>
  </datafield>
  <datafield tag="999" ind1=" " ind2=" ">
    <subfield code="a">973.74 AA1UWA, SER2, V.7D</subfield>
    <subfield code="w">DEWEY</subfield>
    <subfield code="c">1</subfield>
    <subfield code="i">31833000916087</subfield>
    <subfield code="d">12/11/1998</subfield>
    <subfield code="e">3/26/1992</subfield>
    <subfield code="l">GENEALOGY</subfield>
    <subfield code="m">GENEALOGY</subfield>
    <subfield code="p">$33.24</subfield>
    <subfield code="r">N</subfield>
    <subfield code="s">Y</subfield>
    <subfield code="t">BOOK</subfield>
    <subfield code="u">12/11/1998</subfield>
    <subfield code="x">86</subfield>
    <subfield code="z">ADULT</subfield>
  </datafield>
  <datafield tag="999" ind1=" " ind2=" ">
    <subfield code="a">973.74 AA1UWA, SER.2, V.8</subfield>
    <subfield code="w">DEWEY</subfield>
    <subfield code="c">1</subfield>
    <subfield code="i">31833015341073</subfield>
    <subfield code="d">12/11/1998</subfield>
    <subfield code="e">1/28/1992</subfield>
    <subfield code="l">GENEALOGY</subfield>
    <subfield code="m">GENEALOGY</subfield>
    <subfield code="p">$33.24</subfield>
    <subfield code="r">N</subfield>
    <subfield code="s">Y</subfield>
    <subfield code="t">BOOK</subfield>
    <subfield code="u">12/11/1998</subfield>
    <subfield code="x">86</subfield>
    <subfield code="z">ADULT</subfield>
  </datafield>
  <datafield tag="999" ind1=" " ind2=" ">
    <subfield code="a">973.74 AA1UWA, SER.2, V.1</subfield>
    <subfield code="w">DEWEY</subfield>
    <subfield code="c">1</subfield>
    <subfield code="i">31833023799700</subfield>
    <subfield code="d">12/11/1998</subfield>
    <subfield code="e">10/26/1993</subfield>
    <subfield code="l">GENEALOGY</subfield>
    <subfield code="m">GENEALOGY</subfield>
    <subfield code="p">$33.24</subfield>
    <subfield code="r">N</subfield>
    <subfield code="s">Y</subfield>
    <subfield code="t">BOOK</subfield>
    <subfield code="u">12/11/1998</subfield>
    <subfield code="x">86</subfield>
    <subfield code="z">ADULT</subfield>
  </datafield>
  <datafield tag="999" ind1=" " ind2=" ">
    <subfield code="a">973.74 AA1UWA, SER.3, V.1</subfield>
    <subfield code="w">DEWEY</subfield>
    <subfield code="c">1</subfield>
    <subfield code="i">31833000916095</subfield>
    <subfield code="d">12/11/1998</subfield>
    <subfield code="e">3/26/1992</subfield>
    <subfield code="l">GENEALOGY</subfield>
    <subfield code="m">GENEALOGY</subfield>
    <subfield code="p">$33.24</subfield>
    <subfield code="r">N</subfield>
    <subfield code="s">Y</subfield>
    <subfield code="t">BOOK</subfield>
    <subfield code="u">12/11/1998</subfield>
    <subfield code="x">86</subfield>
    <subfield code="z">ADULT</subfield>
  </datafield>
  <datafield tag="999" ind1=" " ind2=" ">
    <subfield code="a">973.74 AA1UWA, SERIES 3, V.2</subfield>
    <subfield code="w">DEWEY</subfield>
    <subfield code="c">1</subfield>
    <subfield code="i">31833015656710</subfield>
    <subfield code="d">12/11/1998</subfield>
    <subfield code="e">2/27/1992</subfield>
    <subfield code="l">GENEALOGY</subfield>
    <subfield code="m">GENEALOGY</subfield>
    <subfield code="p">$33.24</subfield>
    <subfield code="r">N</subfield>
    <subfield code="s">Y</subfield>
    <subfield code="t">BOOK</subfield>
    <subfield code="u">12/11/1998</subfield>
    <subfield code="x">86</subfield>
    <subfield code="z">ADULT</subfield>
  </datafield>
  <datafield tag="999" ind1=" " ind2=" ">
    <subfield code="a">973.74 AA1UWA, SER.3, V.3</subfield>
    <subfield code="w">DEWEY</subfield>
    <subfield code="c">1</subfield>
    <subfield code="i">31833000916103</subfield>
    <subfield code="d">12/11/1998</subfield>
    <subfield code="e">3/26/1992</subfield>
    <subfield code="l">GENEALOGY</subfield>
    <subfield code="m">GENEALOGY</subfield>
    <subfield code="p">$33.24</subfield>
    <subfield code="r">N</subfield>
    <subfield code="s">Y</subfield>
    <subfield code="t">BOOK</subfield>
    <subfield code="u">12/11/1998</subfield>
    <subfield code="x">86</subfield>
    <subfield code="z">ADULT</subfield>
  </datafield>
  <datafield tag="999" ind1=" " ind2=" ">
    <subfield code="a">973.74 AA1UWA, SER.3, V.4</subfield>
    <subfield code="w">DEWEY</subfield>
    <subfield code="c">1</subfield>
    <subfield code="i">31833000916111</subfield>
    <subfield code="d">12/11/1998</subfield>
    <subfield code="e">3/26/1992</subfield>
    <subfield code="l">GENEALOGY</subfield>
    <subfield code="m">GENEALOGY</subfield>
    <subfield code="p">$33.24</subfield>
    <subfield code="r">N</subfield>
    <subfield code="s">Y</subfield>
    <subfield code="t">BOOK</subfield>
    <subfield code="u">12/11/1998</subfield>
    <subfield code="x">86</subfield>
    <subfield code="z">ADULT</subfield>
  </datafield>
  <datafield tag="999" ind1=" " ind2=" ">
    <subfield code="a">973.74 AA1UWA, SER.3, V.5</subfield>
    <subfield code="w">DEWEY</subfield>
    <subfield code="c">1</subfield>
    <subfield code="i">31833015341081</subfield>
    <subfield code="d">12/11/1998</subfield>
    <subfield code="e">1/28/1992</subfield>
    <subfield code="l">GENEALOGY</subfield>
    <subfield code="m">GENEALOGY</subfield>
    <subfield code="p">$33.24</subfield>
    <subfield code="r">N</subfield>
    <subfield code="s">Y</subfield>
    <subfield code="t">BOOK</subfield>
    <subfield code="u">12/11/1998</subfield>
    <subfield code="x">86</subfield>
    <subfield code="z">ADULT</subfield>
  </datafield>
  <datafield tag="999" ind1=" " ind2=" ">
    <subfield code="a">973.74 AA1UWA, SER.4, V.1</subfield>
    <subfield code="w">DEWEY</subfield>
    <subfield code="c">1</subfield>
    <subfield code="i">31833000916129</subfield>
    <subfield code="d">12/11/1998</subfield>
    <subfield code="e">3/26/1992</subfield>
    <subfield code="l">GENEALOGY</subfield>
    <subfield code="m">GENEALOGY</subfield>
    <subfield code="p">$33.24</subfield>
    <subfield code="r">N</subfield>
    <subfield code="s">Y</subfield>
    <subfield code="t">BOOK</subfield>
    <subfield code="u">12/11/1998</subfield>
    <subfield code="x">86</subfield>
    <subfield code="z">ADULT</subfield>
  </datafield>
  <datafield tag="999" ind1=" " ind2=" ">
    <subfield code="a">973.74 AA1UWA, SERIES 4, V.2</subfield>
    <subfield code="w">DEWEY</subfield>
    <subfield code="c">1</subfield>
    <subfield code="i">31833015656728</subfield>
    <subfield code="d">12/11/1998</subfield>
    <subfield code="e">2/27/1992</subfield>
    <subfield code="l">GENEALOGY</subfield>
    <subfield code="m">GENEALOGY</subfield>
    <subfield code="p">$33.24</subfield>
    <subfield code="r">N</subfield>
    <subfield code="s">Y</subfield>
    <subfield code="t">BOOK</subfield>
    <subfield code="u">12/11/1998</subfield>
    <subfield code="x">86</subfield>
    <subfield code="z">ADULT</subfield>
  </datafield>
  <datafield tag="999" ind1=" " ind2=" ">
    <subfield code="a">973.74 AA1UWA, SER.4, V.3</subfield>
    <subfield code="w">DEWEY</subfield>
    <subfield code="c">1</subfield>
    <subfield code="i">31833015341099</subfield>
    <subfield code="d">12/11/1998</subfield>
    <subfield code="e">1/28/1992</subfield>
    <subfield code="l">GENEALOGY</subfield>
    <subfield code="m">GENEALOGY</subfield>
    <subfield code="p">$33.24</subfield>
    <subfield code="r">N</subfield>
    <subfield code="s">Y</subfield>
    <subfield code="t">BOOK</subfield>
    <subfield code="u">12/11/1998</subfield>
    <subfield code="x">86</subfield>
    <subfield code="z">ADULT</subfield>
  </datafield>
  <datafield tag="999" ind1=" " ind2=" ">
    <subfield code="a">973.74 AA1UWA, SER.1, V.50, PT.1</subfield>
    <subfield code="w">DEWEY</subfield>
    <subfield code="c">1</subfield>
    <subfield code="i">31833023799692</subfield>
    <subfield code="d">12/11/1998</subfield>
    <subfield code="e">10/26/1993</subfield>
    <subfield code="l">GENEALOGY</subfield>
    <subfield code="m">GENEALOGY</subfield>
    <subfield code="p">$33.24</subfield>
    <subfield code="r">N</subfield>
    <subfield code="s">Y</subfield>
    <subfield code="t">BOOK</subfield>
    <subfield code="u">12/11/1998</subfield>
    <subfield code="x">86</subfield>
    <subfield code="z">ADULT</subfield>
  </datafield>
  <datafield tag="999" ind1=" " ind2=" ">
    <subfield code="a">973.74 AA1UWA, SER.1, V.50, PT.2</subfield>
    <subfield code="w">DEWEY</subfield>
    <subfield code="c">1</subfield>
    <subfield code="i">31833000916038</subfield>
    <subfield code="d">12/11/1998</subfield>
    <subfield code="e">3/26/1992</subfield>
    <subfield code="l">GENEALOGY</subfield>
    <subfield code="m">GENEALOGY</subfield>
    <subfield code="p">$33.24</subfield>
    <subfield code="r">N</subfield>
    <subfield code="s">Y</subfield>
    <subfield code="t">BOOK</subfield>
    <subfield code="u">12/11/1998</subfield>
    <subfield code="x">86</subfield>
    <subfield code="z">ADULT</subfield>
  </datafield>
  <datafield tag="999" ind1=" " ind2=" ">
    <subfield code="a">973.74 AA1UWA, SER.1, V.52, PT.2</subfield>
    <subfield code="w">DEWEY</subfield>
    <subfield code="c">1</subfield>
    <subfield code="i">31833000916079</subfield>
    <subfield code="d">12/11/1998</subfield>
    <subfield code="e">3/26/1992</subfield>
    <subfield code="l">GENEALOGY</subfield>
    <subfield code="m">GENEALOGY</subfield>
    <subfield code="p">$33.24</subfield>
    <subfield code="r">N</subfield>
    <subfield code="s">Y</subfield>
    <subfield code="t">BOOK</subfield>
    <subfield code="u">12/11/1998</subfield>
    <subfield code="x">86</subfield>
    <subfield code="z">ADULT</subfield>
  </datafield>
  <datafield tag="999" ind1=" " ind2=" ">
    <subfield code="a">973.74 AA1UWA, SER.1, V.52, PT.1</subfield>
    <subfield code="w">DEWEY</subfield>
    <subfield code="c">1</subfield>
    <subfield code="i">31833000916061</subfield>
    <subfield code="d">12/11/1998</subfield>
    <subfield code="e">3/26/1992</subfield>
    <subfield code="l">GENEALOGY</subfield>
    <subfield code="m">GENEALOGY</subfield>
    <subfield code="p">$33.24</subfield>
    <subfield code="r">N</subfield>
    <subfield code="s">Y</subfield>
    <subfield code="t">BOOK</subfield>
    <subfield code="u">12/11/1998</subfield>
    <subfield code="x">86</subfield>
    <subfield code="z">ADULT</subfield>
  </datafield>
  <datafield tag="999" ind1=" " ind2=" ">
    <subfield code="a">973.74 AA1UWA, SER.1, V.51, PT.2</subfield>
    <subfield code="w">DEWEY</subfield>
    <subfield code="c">1</subfield>
    <subfield code="i">31833000916053</subfield>
    <subfield code="d">12/11/1998</subfield>
    <subfield code="e">3/26/1992</subfield>
    <subfield code="l">GENEALOGY</subfield>
    <subfield code="m">GENEALOGY</subfield>
    <subfield code="p">$33.24</subfield>
    <subfield code="r">N</subfield>
    <subfield code="s">Y</subfield>
    <subfield code="t">BOOK</subfield>
    <subfield code="u">12/11/1998</subfield>
    <subfield code="x">86</subfield>
    <subfield code="z">ADULT</subfield>
  </datafield>
  <datafield tag="999" ind1=" " ind2=" ">
    <subfield code="a">973.74 AA1UWA, SER.1, V.51, PT.1</subfield>
    <subfield code="w">DEWEY</subfield>
    <subfield code="c">1</subfield>
    <subfield code="i">31833000916046</subfield>
    <subfield code="d">12/11/1998</subfield>
    <subfield code="e">3/26/1992</subfield>
    <subfield code="l">GENEALOGY</subfield>
    <subfield code="m">GENEALOGY</subfield>
    <subfield code="p">$33.24</subfield>
    <subfield code="r">N</subfield>
    <subfield code="s">Y</subfield>
    <subfield code="t">BOOK</subfield>
    <subfield code="u">12/11/1998</subfield>
    <subfield code="x">86</subfield>
    <subfield code="z">ADULT</subfield>
  </datafield>
  <datafield tag="999" ind1=" " ind2=" ">
    <subfield code="a">973.74 AA1UWA, SER.1, V.24, PT.3</subfield>
    <subfield code="w">DEWEY</subfield>
    <subfield code="c">1</subfield>
    <subfield code="i">31833000915923</subfield>
    <subfield code="d">12/11/1998</subfield>
    <subfield code="e">3/26/1992</subfield>
    <subfield code="l">GENEALOGY</subfield>
    <subfield code="m">GENEALOGY</subfield>
    <subfield code="p">$33.24</subfield>
    <subfield code="r">N</subfield>
    <subfield code="s">Y</subfield>
    <subfield code="t">BOOK</subfield>
    <subfield code="u">12/11/1998</subfield>
    <subfield code="x">86</subfield>
    <subfield code="z">ADULT</subfield>
  </datafield>
  <datafield tag="999" ind1=" " ind2=" ">
    <subfield code="a">973.74 AA1UWA, SER.1, V.12, PT.2 SUPPL.</subfield>
    <subfield code="w">DEWEY</subfield>
    <subfield code="c">1</subfield>
    <subfield code="i">31833000915899</subfield>
    <subfield code="d">12/11/1998</subfield>
    <subfield code="e">3/26/1992</subfield>
    <subfield code="l">GENEALOGY</subfield>
    <subfield code="m">GENEALOGY</subfield>
    <subfield code="p">$33.24</subfield>
    <subfield code="r">N</subfield>
    <subfield code="s">Y</subfield>
    <subfield code="t">BOOK</subfield>
    <subfield code="u">12/11/1998</subfield>
    <subfield code="x">86</subfield>
    <subfield code="z">ADULT</subfield>
  </datafield>
</record>
